{"gold_per_floor":[118,135,135,12,31,59,59,59,59,71,100,112,127,143,143,241,241,260,277,44,44,63,82,108,108,108,128,148,148,148,165,165,262,262,277,289,299,224,235,263,263,281,308,328,328,346,366,378,378,378],"floor_reached":51,"playtime":7240,"items_purged":["Strike_B"],"score":696,"play_id":"cd503657-7556-45f0-81b5-625f5db2943a","local_time":"20180701131824","is_ascension_mode":false,"campfire_choices":[{"data":"Capacitor","floor":7,"key":"SMITH"},{"floor":15,"key":"REST"},{"floor":29,"key":"REST"},{"floor":32,"key":"REST"},{"floor":41,"key":"REST"},{"floor":49,"key":"REST"}],"neow_cost":"CURSE","seed_source_timestamp":1532319850865330,"circlet_count":0,"master_deck":["Strike_B+1","Strike_B+1","Strike_B+1","Defend_B+1","Defend_B+1","Defend_B+1","Zap+1","Dualcast+1","Clumsy","Redo+1","Coolheaded+1","Tempest+1","Capacitor+1","Conserve Battery+1","Coolheaded+1","Barrage+1","Ball Lightning+1","BootSequence+1","Heatsinks+1","Aggregate+1","Machine Learning+1","Conserve Battery+1","Ball Lightning+1","Self Repair+1","Static Discharge+1","Cold Snap+1","Fission+1","Fusion+1","Static Discharge+1","Glacier+1","Sunder+1","FTL+1","Biased Cognition+1","Hello World+1","Rebound+1","Turbo+1","Doom and Gloom+1","Decay","Rainbow+1","Defragment","Fusion+1"],"relics":["Cracked Core","Ginger","Mummified Hand","Regal Pillow","Pear","Fusion Hammer","Dream Catcher","Vajra","Matryoshka","Bag of Marbles","Anchor","Cursed Key","Centennial Puzzle","Potion Belt","Bag of Preparation","Mark of the Bloom"],"potions_floor_usage":[6,6,22,23,24,24,24,28,33,33,37,40,40,50,50,50,50],"damage_taken":[{"damage":1,"enemies":"2 Louse","floor":1,"turns":2},{"damage":0,"enemies":"Small Slimes","floor":2,"turns":3},{"damage":2,"enemies":"Jaw Worm","floor":5,"turns":4},{"damage":7,"enemies":"Gremlin Nob","floor":6,"turns":3},{"damage":1,"enemies":"Looter","floor":10,"turns":3},{"damage":10,"enemies":"3 Sentries","floor":11,"turns":12},{"damage":1,"enemies":"Large Slime","floor":12,"turns":4},{"damage":0,"enemies":"3 Louse","floor":13,"turns":3},{"damage":1,"enemies":"2 Fungi Beasts","floor":14,"turns":3},{"damage":62,"enemies":"Hexaghost","floor":16,"turns":10},{"damage":0,"enemies":"3 Byrds","floor":18,"turns":4},{"damage":1,"enemies":"Chosen","floor":19,"turns":4},{"damage":12,"enemies":"Snake Plant","floor":22,"turns":3},{"damage":15,"enemies":"Cultist and Chosen","floor":23,"turns":5},{"damage":27,"enemies":"Slavers","floor":24,"turns":4},{"damage":33,"enemies":"Slaver and Parasite","floor":27,"turns":6},{"damage":16,"enemies":"3 Cultists","floor":28,"turns":4},{"damage":0,"enemies":"Centurion and Healer","floor":31,"turns":7},{"damage":69,"enemies":"Champ","floor":33,"turns":11},{"damage":0,"enemies":"3 Shapes","floor":35,"turns":5},{"damage":22,"enemies":"Orb Walker","floor":36,"turns":4},{"damage":16,"enemies":"Sphere and 2 Shapes","floor":37,"turns":6},{"damage":0,"enemies":"3 Darklings","floor":39,"turns":6},{"damage":6,"enemies":"Nemesis","floor":40,"turns":5},{"damage":9,"enemies":"4 Shapes","floor":42,"turns":7},{"damage":9,"enemies":"Sphere and 2 Shapes","floor":44,"turns":3},{"damage":6,"enemies":"Maw","floor":46,"turns":4},{"damage":4,"enemies":"3 Darklings","floor":47,"turns":3},{"damage":0,"enemies":"Sphere and 2 Shapes","floor":48,"turns":4},{"damage":59,"enemies":"Awakened One","floor":50,"turns":10}],"seed_played":"-9084341287360811259","potions_obtained":[{"floor":1,"key":"Fire Potion"},{"floor":5,"key":"Explosive Potion"},{"floor":11,"key":"PowerPotion"},{"floor":12,"key":"FocusPotion"},{"floor":19,"key":"Weak Potion"},{"floor":22,"key":"Weak Potion"},{"floor":23,"key":"PowerPotion"},{"floor":27,"key":"Fire Potion"},{"floor":30,"key":"Swift Potion"},{"floor":30,"key":"LiquidBronze"},{"floor":30,"key":"SpeedPotion"},{"floor":33,"key":"Regen Potion"},{"floor":37,"key":"Ancient Potion"},{"floor":39,"key":"Poison Potion"},{"floor":42,"key":"AttackPotion"},{"floor":44,"key":"Poison Potion"},{"floor":48,"key":"Strength Potion"}],"is_trial":false,"path_per_floor":["M","M","?","$","M","E","R","?","T","M","E","M","M","M","R","B",null,"M","M","$","?","M","M","E","?","T","M","M","R","?","M","R","B",null,"M","M","M","$","M","E","R","M","T","M","?","M","M","M","R","B"],"character_chosen":"DEFECT","items_purchased":["Capacitor","Conserve Battery","Self Repair","Dream Catcher"],"campfire_rested":5,"item_purchase_floors":[4,4,20,20],"current_hp_per_floor":[74,74,74,74,72,65,65,50,50,49,49,48,48,47,85,23,85,85,84,84,84,79,71,51,51,51,25,16,56,56,63,85,23,85,85,63,66,66,73,74,85,83,83,74,74,68,64,64,64,5],"gold":378,"neow_bonus":"ONE_RARE_RELIC","is_prod":false,"is_daily":false,"chose_seed":false,"campfire_upgraded":1,"win_rate":0,"timestamp":1530447504,"path_taken":["M","M","?","$","M","E","R","?","T","M","E","M","M","M","R","BOSS","M","M","$","?","M","M","E","?","T","M","M","R","?","M","R","BOSS","M","M","M","$","M","E","R","?","T","M","?","M","?","M","R","BOSS"],"build_version":"2018-06-28","purchased_purges":1,"victory":true,"max_hp_per_floor":[75,75,75,75,75,75,75,75,75,75,85,85,85,85,85,85,85,85,85,85,85,85,85,85,85,85,85,85,85,85,85,85,85,85,85,85,85,85,85,85,85,85,85,85,85,85,85,85,85,85],"card_choices":[{"not_picked":["Sweeping Beam","Leap"],"picked":"Redo","floor":1},{"not_picked":["Scrape","Ball Lightning"],"picked":"Coolheaded","floor":2},{"not_picked":["Fusion","Leap"],"picked":"Coolheaded","floor":5},{"not_picked":["Compile Driver","Sweeping Beam"],"picked":"Barrage","floor":6},{"not_picked":["Compile Driver","Stack"],"picked":"Ball Lightning","floor":10},{"not_picked":["Double Energy","FTL"],"picked":"BootSequence","floor":11},{"not_picked":["Barrage","Steam"],"picked":"Heatsinks","floor":12},{"not_picked":["Hyperbeam","Beam Cell"],"picked":"Aggregate","floor":13},{"not_picked":["Stack","Streamline","Redo"],"picked":"SKIP","floor":14},{"not_picked":["Fission","Multi-Cast"],"picked":"Machine Learning","floor":16},{"not_picked":["Hologram","Leap"],"picked":"Conserve Battery+1","floor":18},{"not_picked":["Rebound+1","Coolheaded"],"picked":"Ball Lightning+1","floor":19},{"not_picked":["Steam","Gash"],"picked":"Static Discharge","floor":22},{"not_picked":["Lockon","Redo+1"],"picked":"Cold Snap+1","floor":23},{"not_picked":["Sweeping Beam","Static Discharge"],"picked":"Fission","floor":24},{"not_picked":["Compile Driver","Scrape"],"picked":"Fusion","floor":27},{"not_picked":["Redo+1","Beam Cell"],"picked":"Static Discharge","floor":28},{"not_picked":["Redo","Coolheaded"],"picked":"Glacier","floor":29},{"not_picked":["Sweeping Beam","Cold Snap+1"],"picked":"Sunder","floor":31},{"not_picked":["Streamline","Leap"],"picked":"FTL","floor":32},{"not_picked":["Meteor Strike","Machine Learning"],"picked":"Biased Cognition","floor":33},{"not_picked":["Beam Cell+1","Go for the Eyes"],"picked":"Hello World","floor":35},{"not_picked":["Undo","Cold Snap+1","Stack"],"picked":"SKIP","floor":36},{"not_picked":["Cold Snap","Steam+1","Hologram+1"],"picked":"SKIP","floor":37},{"not_picked":["Stack","Force Field"],"picked":"Rebound+1","floor":39},{"not_picked":["Redo","Force Field"],"picked":"Turbo+1","floor":40},{"not_picked":["Barrage","Hologram"],"picked":"Doom and Gloom+1","floor":42},{"not_picked":["Cold Snap","Barrage+1"],"picked":"Rainbow","floor":44},{"not_picked":["Steam+1","Turbo","Compile Driver"],"picked":"SKIP","floor":46},{"not_picked":["Sweeping Beam+1","FTL+1"],"picked":"Defragment","floor":47},{"not_picked":["Conserve Battery+1","Steam+1"],"picked":"Fusion+1","floor":48}],"player_experience":58714,"relics_obtained":[{"floor":6,"key":"Mummified Hand"},{"floor":9,"key":"Regal Pillow"},{"floor":11,"key":"Pear"},{"floor":24,"key":"Vajra"},{"floor":26,"key":"Bag of Marbles"},{"floor":26,"key":"Anchor"},{"floor":40,"key":"Centennial Puzzle"},{"floor":43,"key":"Potion Belt"},{"floor":43,"key":"Bag of Preparation"}],"event_choices":[{"event_name":"Living Wall","player_choice":"Change","floor":3,"damage_taken":0},{"event_name":"Shining Light","player_choice":"Entered Light","floor":8,"damage_taken":0},{"event_name":"Beggar","player_choice":"Ignored","floor":21,"damage_taken":0},{"event_name":"The Mausoleum","player_choice":"Yes","floor":25,"damage_taken":0},{"event_name":"The Lab","player_choice":"Got Potions","floor":30,"damage_taken":0},{"event_name":"MindBloom","player_choice":"Upgrade","floor":45,"damage_taken":0}],"boss_relics":[{"not_picked":["Busted Crown","Coffee Dripper"],"picked":"Fusion Hammer"},{"not_picked":["Black Star","Philosopher\u0027s Stone"],"picked":"Cursed Key"}],"items_purged_floors":[38],"is_endless":false,"potions_floor_spawned":[1,5,11,12,19,22,23,27,33,37,39,42,44,48],"ascension_level":0}