{"gold_per_floor":[111,131,131,6,18,48,48,68,93,108,123,152,212,226,226,331,331,348,124,140,70,70,99,99],"floor_reached":24,"playtime":3180,"items_purged":["Strike_B"],"score":228,"play_id":"2944bc04-9662-46c9-afc0-1381c1d80a6f","local_time":"20180630004640","is_ascension_mode":false,"campfire_choices":[{"data":"Fusion","floor":7,"key":"SMITH"},{"floor":15,"key":"REST"}],"neow_cost":"NONE","seed_source_timestamp":1404898477523303,"circlet_count":0,"master_deck":["Strike_B+1","Strike_B+1","Strike_B","Defend_B+1","Zap","Dualcast+1","Fusion+1","Ball Lightning+1","Go for the Eyes","Cold Snap","Conserve Battery+1","Coolheaded","Consume","FTL","Self Repair","Doom and Gloom+1","Barrage","Rebound","White Noise","Multi-Cast","Lockon+1","Heatsinks+1","Buffer+1","Tempest","Leap+1","Self Repair","Multi-Cast","Ball Lightning+1"],"relics":["Cracked Core","Regal Pillow","Strawberry","Pen Nib","War Paint","Astrolabe","Whetstone","Ornamental Fan"],"potions_floor_usage":[12,23,23,23],"damage_taken":[{"damage":0,"enemies":"Small Slimes","floor":1,"turns":3},{"damage":3,"enemies":"Jaw Worm","floor":2,"turns":4},{"damage":0,"enemies":"2 Louse","floor":5,"turns":2},{"damage":7,"enemies":"Gremlin Nob","floor":6,"turns":5},{"damage":2,"enemies":"Large Slime","floor":8,"turns":5},{"damage":1,"enemies":"Exordium Wildlife","floor":10,"turns":2},{"damage":8,"enemies":"2 Fungi Beasts","floor":11,"turns":3},{"damage":9,"enemies":"Lagavulin","floor":12,"turns":6},{"damage":22,"enemies":"Gremlin Nob","floor":13,"turns":4},{"damage":3,"enemies":"Looter","floor":14,"turns":3},{"damage":50,"enemies":"Hexaghost","floor":16,"turns":8},{"damage":20,"enemies":"3 Byrds","floor":18,"turns":5},{"damage":10,"enemies":"Spheric Guardian","floor":20,"turns":4},{"damage":70,"enemies":"Gremlin Leader","floor":23,"turns":7},{"damage":13,"enemies":"Slaver and Parasite","floor":24,"turns":1}],"seed_played":"-11272298964489491","potions_obtained":[{"floor":1,"key":"EssenceOfSteel"},{"floor":5,"key":"SkillPotion"},{"floor":6,"key":"Fire Potion"},{"floor":11,"key":"Swift Potion"},{"floor":12,"key":"FocusPotion"},{"floor":13,"key":"SteroidPotion"},{"floor":13,"key":"Regen Potion"},{"floor":18,"key":"FocusPotion"}],"is_trial":false,"path_per_floor":["M","M","?","$","M","E","R","M","T","M","M","E","?","M","R","B",null,"M","$","M","$","?","E"],"character_chosen":"DEFECT","items_purchased":["Go for the Eyes","Cold Snap","Conserve Battery","Whetstone","Self Repair"],"campfire_rested":1,"item_purchase_floors":[4,4,4,19,21],"current_hp_per_floor":[75,72,57,57,57,50,50,48,55,54,53,51,36,40,79,29,82,62,62,59,59,59,11,0],"gold":99,"neow_bonus":"UPGRADE_CARD","is_prod":false,"is_daily":false,"chose_seed":false,"campfire_upgraded":1,"win_rate":0.0,"timestamp":1530316000,"path_taken":["M","M","?","$","M","E","R","M","T","M","M","E","?","M","R","BOSS","M","$","M","$","?","E","M"],"build_version":"2018-06-28","purchased_purges":1,"victory":false,"max_hp_per_floor":[75,75,75,75,75,75,75,75,82,82,82,82,82,82,82,82,82,82,82,82,82,82,82,82],"card_choices":[{"not_picked":["Stack","Gash"],"picked":"Fusion","floor":1},{"not_picked":["Leap","Stack"],"picked":"Ball Lightning","floor":2},{"not_picked":["Thunder Strike","Auto Shields"],"picked":"Coolheaded","floor":5},{"not_picked":["Steam Power","Reinforced Body"],"picked":"Consume","floor":6},{"not_picked":["Conserve Battery","Storm"],"picked":"FTL","floor":8},{"not_picked":["Rebound","Leap"],"picked":"Self Repair","floor":10},{"not_picked":["Stack","Skim"],"picked":"Doom and Gloom","floor":11},{"not_picked":["Thunder Strike","Stack"],"picked":"Barrage","floor":12},{"not_picked":["Stack","Darkness"],"picked":"Rebound","floor":13},{"not_picked":["Conserve Battery","Chaos"],"picked":"White Noise","floor":14},{"not_picked":["Seek","Fission"],"picked":"Multi-Cast","floor":16},{"not_picked":["Barrage","Steam"],"picked":"Tempest","floor":18},{"not_picked":["Stack","Steam Power+1"],"picked":"Leap+1","floor":20},{"not_picked":["Barrage","Thunder Strike"],"picked":"Ball Lightning+1","floor":23}],"player_experience":25196,"relics_obtained":[{"floor":6,"key":"Regal Pillow"},{"floor":9,"key":"Strawberry"},{"floor":12,"key":"Pen Nib"},{"floor":13,"key":"War Paint"},{"floor":23,"key":"Ornamental Fan"}],"event_choices":[{"event_name":"Shining Light","player_choice":"Entered Light","floor":3,"damage_taken":0},{"event_name":"Dead Adventurer","player_choice":"Searched \u00271\u0027 times","floor":13,"damage_taken":0},{"event_name":"Duplicator","player_choice":"One dupe","floor":22,"damage_taken":0}],"boss_relics":[{"not_picked":["White Beast Statue","Coffee Dripper"],"picked":"Astrolabe"}],"items_purged_floors":[19],"is_endless":false,"potions_floor_spawned":[1,5,6,11,12,13,13,18],"killed_by":"Slaver and Parasite","ascension_level":0}