{"gold_per_floor":[111,111,111,130,130,164,164,198,221,232,251,251,251,269,269,269],"floor_reached":16,"playtime":1041,"items_purged":[],"score":132,"play_id":"c1e50021-2aa0-41b1-8a07-7e0633539c60","local_time":"20180716085638","is_ascension_mode":true,"campfire_choices":[{"data":"Zap","floor":7,"key":"SMITH"},{"floor":13,"key":"REST"},{"floor":15,"key":"REST"}],"neow_cost":"NONE","seed_source_timestamp":2818858878941569,"circlet_count":0,"master_deck":["Strike_B","Strike_B+1","Strike_B","Defend_B","Defend_B","Defend_B","Defend_B+1","Zap+1","Dualcast","Electrodynamics","Redo","Coolheaded","Ball Lightning","Glacier","Conserve Battery","Leap","Chaos"],"relics":["Cracked Core","CultistMask","Blood Vial","Mummified Hand","Juzu Bracelet"],"potions_floor_usage":[6,14],"damage_taken":[{"damage":8,"enemies":"Small Slimes","floor":1,"turns":2},{"damage":3,"enemies":"Jaw Worm","floor":4,"turns":4},{"damage":29,"enemies":"Gremlin Nob","floor":6,"turns":4},{"damage":6,"enemies":"3 Sentries","floor":8,"turns":3},{"damage":0,"enemies":"Cultist","floor":10,"turns":2},{"damage":9,"enemies":"Red Slaver","floor":11,"turns":3},{"damage":6,"enemies":"Large Slime","floor":14,"turns":4},{"damage":54,"enemies":"Hexaghost","floor":16,"turns":14}],"seed_played":"-3349331879125938227","potions_obtained":[{"floor":1,"key":"Poison Potion"},{"floor":6,"key":"Ancient Potion"},{"floor":8,"key":"Weak Potion"}],"is_trial":false,"path_per_floor":["M","?","?","M","?","E","R","E","T","M","M","?","R","M","R"],"character_chosen":"DEFECT","items_purchased":[],"campfire_rested":2,"item_purchase_floors":[],"current_hp_per_floor":[67,60,65,62,62,33,33,29,29,31,24,8,32,28,52,0],"gold":269,"neow_bonus":"ONE_RANDOM_RARE_CARD","is_prod":false,"is_daily":false,"chose_seed":false,"campfire_upgraded":1,"win_rate":0,"timestamp":1531727798,"path_taken":["M","?","?","M","?","E","R","E","T","M","M","?","R","M","R","BOSS"],"build_version":"2018-07-12","purchased_purges":0,"victory":false,"max_hp_per_floor":[75,75,80,80,80,80,80,80,80,80,80,80,80,80,80,80],"card_choices":[{"not_picked":["Double Energy","Reinforced Body"],"picked":"Redo","floor":1},{"not_picked":["Streamline","Steam"],"picked":"Coolheaded","floor":4},{"not_picked":["Sunder","White Noise"],"picked":"Ball Lightning","floor":6},{"not_picked":["Biased Cognition","Hologram"],"picked":"Glacier","floor":8},{"not_picked":["Go for the Eyes","Sweeping Beam"],"picked":"Conserve Battery","floor":10},{"not_picked":["Streamline","Rebound"],"picked":"Leap","floor":11},{"not_picked":["Hologram","Barrage"],"picked":"Chaos","floor":14}],"player_experience":308996,"relics_obtained":[{"floor":6,"key":"Blood Vial"},{"floor":8,"key":"Mummified Hand"},{"floor":9,"key":"Juzu Bracelet"}],"event_choices":[{"event_name":"Golden Wing","player_choice":"Card Removal","floor":2,"damage_taken":0},{"event_name":"Big Fish","player_choice":"Donut","floor":3,"damage_taken":0},{"event_name":"FaceTrader","player_choice":"Trade","floor":5,"damage_taken":0},{"event_name":"Shining Light","player_choice":"Entered Light","floor":12,"damage_taken":0}],"boss_relics":[],"items_purged_floors":[],"is_endless":false,"potions_floor_spawned":[1,6,8],"killed_by":"Hexaghost","ascension_level":4}