{"gold_per_floor":[113,213,163,176,187,187,207,238,319,124,124,138,138,138,138,242,242,259,241,64,64],"floor_reached":21,"playtime":1621,"items_purged":["Strike_B"],"score":233,"play_id":"5296f8c3-a725-432d-b921-011504990ee2","local_time":"20180718231119","is_ascension_mode":true,"campfire_choices":[{"data":"Go for the Eyes","floor":6,"key":"SMITH"},{"data":"Fission","floor":11,"key":"SMITH"},{"floor":13,"key":"REST"},{"floor":15,"key":"REST"}],"neow_cost":"NONE","seed_source_timestamp":46688956141839,"circlet_count":0,"master_deck":["Strike_B+1","Strike_B","Defend_B","Defend_B","Defend_B","Defend_B+1","Zap","Dualcast","Amplify","Go for the Eyes+1","Leap","Static Discharge","Fission+1","Auto Shields","Creative AI","Darkness+1","Ball Lightning+1","Self Repair"],"relics":["Cracked Core","Unceasing Top","Singing Bowl","Membership Card","Inserter"],"potions_floor_usage":[8,16,21,21],"damage_taken":[{"damage":1,"enemies":"Cultist","floor":1,"turns":3},{"damage":2,"enemies":"Small Slimes","floor":4,"turns":3},{"damage":0,"enemies":"2 Louse","floor":5,"turns":1},{"damage":5,"enemies":"2 Fungi Beasts","floor":7,"turns":4},{"damage":16,"enemies":"Gremlin Nob","floor":8,"turns":4},{"damage":19,"enemies":"Large Slime","floor":12,"turns":6},{"damage":37,"enemies":"The Guardian","floor":16,"turns":15},{"damage":28,"enemies":"Shell Parasite","floor":18,"turns":5},{"damage":24,"enemies":"2 Thieves","floor":19,"turns":4},{"damage":27,"enemies":"Centurion and Healer","floor":21,"turns":4}],"seed_played":"5630781665263670250","potions_obtained":[{"floor":1,"key":"Explosive Potion"},{"floor":4,"key":"AttackPotion"},{"floor":8,"key":"FearPotion"},{"floor":12,"key":"SpeedPotion"},{"floor":19,"key":"Swift Potion"}],"is_trial":false,"path_per_floor":["M","?","?","M","M","R","M","E","T","$","R","M","R","?","R","B",null,"M","M","$"],"character_chosen":"DEFECT","items_purchased":["Membership Card","Regen Potion","Self Repair"],"campfire_rested":2,"item_purchase_floors":[10,20,20],"current_hp_per_floor":[67,67,67,65,65,65,60,44,44,44,44,25,47,32,54,17,61,33,9,9,0],"gold":64,"neow_bonus":"ONE_RANDOM_RARE_CARD","is_prod":false,"is_daily":false,"chose_seed":false,"campfire_upgraded":2,"win_rate":0,"timestamp":1531951879,"path_taken":["M","?","?","M","M","R","M","E","T","$","R","M","R","?","R","BOSS","M","M","$","M"],"build_version":"2018-07-12","purchased_purges":1,"victory":false,"max_hp_per_floor":[75,75,75,75,75,75,75,75,75,75,75,75,75,75,75,75,75,75,75,75,75],"card_choices":[{"not_picked":["Double Energy","Turbo"],"picked":"Go for the Eyes","floor":1},{"not_picked":["Consume","Aggregate"],"picked":"Leap","floor":4},{"not_picked":["Go for the Eyes","Static Discharge","Doom and Gloom"],"picked":"SKIP","floor":5},{"not_picked":["Skim","Compile Driver"],"picked":"Static Discharge","floor":7},{"not_picked":["Sweeping Beam","Barrage"],"picked":"Fission","floor":8},{"not_picked":["Sweeping Beam","Capacitor"],"picked":"Auto Shields","floor":12},{"not_picked":["Multi-Cast","Buffer"],"picked":"Creative AI","floor":16},{"not_picked":["Streamline","Rebound"],"picked":"Darkness+1","floor":18},{"not_picked":["Chaos","Coolheaded"],"picked":"Ball Lightning+1","floor":19}],"player_experience":350884,"relics_obtained":[{"floor":8,"key":"Unceasing Top"},{"floor":9,"key":"Singing Bowl"}],"event_choices":[{"event_name":"Golden Shrine","player_choice":"Pray","floor":2,"damage_taken":0},{"event_name":"The Cleric","player_choice":"Card Removal","floor":3,"damage_taken":0},{"event_name":"Shining Light","player_choice":"Entered Light","floor":14,"damage_taken":0}],"boss_relics":[{"not_picked":["Calling Bell","Velvet Choker"],"picked":"Inserter"}],"items_purged_floors":[20],"is_endless":false,"potions_floor_spawned":[1,4,8,12,19],"killed_by":"Centurion and Healer","ascension_level":6}