{"gold_per_floor":[110,185,185,205,130,130,143,178,202,233,109,109],"floor_reached":12,"playtime":815,"items_purged":["Strike_B"],"score":133,"play_id":"2af21086-79ac-474b-b7a8-748e2263c6c6","local_time":"20180726004901","is_ascension_mode":true,"campfire_choices":[{"floor":6,"key":"REST"}],"neow_cost":"NONE","seed_source_timestamp":658163079413959,"circlet_count":0,"master_deck":["Strike_B+1","Strike_B+1","Defend_B","Defend_B","Defend_B","Defend_B","Zap","Dualcast","AscendersBane","White Noise","Skim","Hologram","Conserve Battery","Conserve Battery","Fusion"],"relics":["Cracked Core","Whetstone","Pen Nib","Shuriken"],"potions_floor_usage":[8,8,10,12,12],"damage_taken":[{"damage":12,"enemies":"Small Slimes","floor":1,"turns":2},{"damage":13,"enemies":"Jaw Worm","floor":4,"turns":8},{"damage":5,"enemies":"2 Louse","floor":7,"turns":4},{"damage":43,"enemies":"Gremlin Nob","floor":8,"turns":6},{"damage":8,"enemies":"3 Sentries","floor":10,"turns":4},{"damage":19,"enemies":"Lots of Slimes","floor":12,"turns":1}],"seed_played":"167968610072546446","potions_obtained":[{"floor":8,"key":"Regen Potion"}],"is_trial":false,"path_per_floor":["M","?","?","M","$","R","M","E","T","E","$"],"character_chosen":"DEFECT","items_purchased":["Regen Potion","PowerPotion"],"campfire_rested":1,"item_purchase_floors":[11,11],"current_hp_per_floor":[56,45,45,32,32,54,49,6,6,10,10,0],"gold":109,"neow_bonus":"THREE_SMALL_POTIONS","is_prod":false,"is_daily":false,"chose_seed":false,"campfire_upgraded":0,"win_rate":0,"timestamp":1532562541,"path_taken":["M","?","?","M","$","R","?","E","T","E","$","M"],"build_version":"2018-07-19v2","purchased_purges":1,"victory":false,"max_hp_per_floor":[75,75,75,75,75,75,75,75,75,75,75,75],"card_choices":[{"not_picked":["Stack","Barrage"],"picked":"White Noise","floor":1},{"not_picked":["Barrage","Doom and Gloom"],"picked":"Hologram","floor":4},{"not_picked":["Coolheaded","Multi-Cast"],"picked":"Conserve Battery","floor":7},{"not_picked":["Turbo","Redo"],"picked":"Conserve Battery","floor":8},{"not_picked":["Double Energy","Turbo"],"picked":"Fusion","floor":10}],"player_experience":473455,"relics_obtained":[{"floor":8,"key":"Whetstone"},{"floor":9,"key":"Pen Nib"},{"floor":10,"key":"Shuriken"}],"event_choices":[{"event_name":"World of Goop","player_choice":"Gather Gold","floor":2,"damage_taken":0},{"event_name":"Transmorgrifier","player_choice":"Transform","floor":3,"damage_taken":0}],"is_beta":false,"boss_relics":[],"items_purged_floors":[5],"is_endless":false,"potions_floor_spawned":[4,8],"killed_by":"Lots of Slimes","ascension_level":11}