{"gold_per_floor":[116,130,130,130,151,151,184,155,155,155,176,176,15,190,190,318,318,334,334,352,352],"floor_reached":21,"playtime":1618,"items_purged":[],"score":277,"play_id":"6a9cc840-da63-48a0-b91e-19c6251eae2e","local_time":"20180726000340","is_ascension_mode":true,"campfire_choices":[{"floor":6,"key":"REST"},{"floor":10,"key":"REST"},{"floor":12,"key":"REST"},{"floor":15,"key":"REST"}],"neow_cost":"NONE","seed_source_timestamp":654636169396864,"circlet_count":0,"master_deck":["Strike_B","Strike_B","Strike_B","Strike_B","Defend_B","Defend_B","Defend_B","Defend_B","Zap","Dualcast","AscendersBane","Darkness","Streamline","Recycle","Ball Lightning","Steam","Steam","Echo Form","Doubt","Biased Cognition","Leap","Chill"],"relics":["Cracked Core","Golden Idol","Centennial Puzzle","Singing Bowl","Sozu"],"potions_floor_usage":[8,16,16,21],"damage_taken":[{"damage":9,"enemies":"2 Louse","floor":1,"turns":3},{"damage":9,"enemies":"Jaw Worm","floor":2,"turns":4},{"damage":12,"enemies":"Small Slimes","floor":5,"turns":3},{"damage":29,"enemies":"3 Sentries","floor":7,"turns":6},{"damage":27,"enemies":"Exordium Thugs","floor":8,"turns":5},{"damage":7,"enemies":"Large Slime","floor":11,"turns":3},{"damage":19,"enemies":"Slime Boss","floor":16,"turns":8},{"damage":22,"enemies":"Spheric Guardian","floor":18,"turns":4},{"damage":19,"enemies":"3 Byrds","floor":20,"turns":3},{"damage":39,"enemies":"Cultist and Chosen","floor":21,"turns":8}],"seed_played":"7491069934570268853","potions_obtained":[{"floor":1,"key":"Energy Potion"},{"floor":5,"key":"FearPotion"},{"floor":11,"key":"Strength Potion"},{"floor":16,"key":"Block Potion"}],"is_trial":false,"path_per_floor":["M","M","?","?","M","R","E","M","T","R","M","R","$","?","R","B",null,"M","?","M"],"character_chosen":"DEFECT","items_purchased":["Echo Form"],"campfire_rested":4,"item_purchase_floors":[13],"current_hp_per_floor":[59,50,50,50,38,58,29,2,2,22,17,38,38,38,59,40,63,41,41,22,0],"gold":352,"neow_bonus":"ONE_RANDOM_RARE_CARD","is_prod":false,"is_daily":false,"chose_seed":false,"campfire_upgraded":0,"win_rate":0,"timestamp":1532559820,"path_taken":["M","M","?","?","M","R","E","M","T","R","M","R","$","?","R","BOSS","M","?","M","M"],"build_version":"2018-07-19v2","purchased_purges":0,"victory":false,"max_hp_per_floor":[75,75,75,69,69,69,69,69,69,69,71,71,71,71,71,71,71,71,71,71,71],"card_choices":[{"not_picked":["Sunder","Auto Shields"],"picked":"Darkness","floor":1},{"not_picked":["Gash","Tempest"],"picked":"Streamline","floor":2},{"not_picked":["Streamline","Chaos"],"picked":"Ball Lightning","floor":5},{"not_picked":["Fission","Leap"],"picked":"Steam","floor":7},{"not_picked":["Aggregate","Barrage"],"picked":"Steam","floor":8},{"not_picked":["Steam","Rebound","Gash"],"picked":"Singing Bowl","floor":11},{"not_picked":["Thunder Strike","Echo Form"],"picked":"Biased Cognition","floor":16},{"not_picked":["Compile Driver","Chaos"],"picked":"Leap","floor":18},{"not_picked":["FTL+1","Heatsinks+1"],"picked":"Chill","floor":20}],"player_experience":471837,"relics_obtained":[{"floor":7,"key":"Centennial Puzzle"},{"floor":9,"key":"Singing Bowl"}],"event_choices":[{"event_name":"Living Wall","player_choice":"Change","floor":3,"damage_taken":0},{"event_name":"Golden Idol","player_choice":"Lose Max HP","floor":4,"damage_taken":0},{"event_name":"Liars Game","player_choice":"agreed","floor":14,"damage_taken":0},{"event_name":"Drug Dealer","player_choice":"Ignored","floor":19,"damage_taken":0}],"is_beta":false,"boss_relics":[{"not_picked":["Coffee Dripper","Astrolabe"],"picked":"Sozu"}],"items_purged_floors":[],"is_endless":false,"potions_floor_spawned":[1,5,11,16],"killed_by":"Cultist and Chosen","ascension_level":11}