{"gold_per_floor":[111,122,122,122,140,170,170,201,201,201,231,231,242,260,260,334,334,348,398,415,43,43,69,69,69,94,106,106],"floor_reached":28,"playtime":1745,"items_purged":[],"score":461,"play_id":"3cda3d2a-03f8-4bb5-833b-83d47145426d","local_time":"20190105005451","is_ascension_mode":true,"campfire_choices":[{"data":"Zap","floor":7,"key":"SMITH"},{"floor":10,"key":"REST"},{"data":"Dualcast","floor":12,"key":"SMITH"},{"floor":15,"key":"REST"},{"floor":24,"key":"REST"}],"neow_cost":"NONE","seed_source_timestamp":482454312133082,"circlet_count":0,"master_deck":["AscendersBane","Strike_B+1","Strike_B+1","Strike_B+1","Defend_B+1","Defend_B+1","Defend_B+1","Defend_B+1","Zap+1","Dualcast+1","Ball Lightning","Coolheaded","Cold Snap","All For One","Ball Lightning","Reinforced Body","Gash","Hologram","Echo Form","Capacitor","Gash","Metamorphosis","BootSequence","Stack"],"relics":["Cracked Core","The Courier","Shuriken","Blue Candle","Art of War","Nuclear Battery","Pear","Symbiotic Virus","Smiling Mask"],"potions_floor_usage":[8,11,16,27,28],"damage_taken":[{"damage":7,"enemies":"Jaw Worm","floor":1,"turns":4},{"damage":4,"enemies":"Small Slimes","floor":2,"turns":3},{"damage":0,"enemies":"Cultist","floor":5,"turns":3},{"damage":16,"enemies":"Lagavulin","floor":6,"turns":6},{"damage":14,"enemies":"3 Sentries","floor":8,"turns":7},{"damage":4,"enemies":"Gremlin Nob","floor":11,"turns":3},{"damage":7,"enemies":"Large Slime","floor":13,"turns":4},{"damage":7,"enemies":"Red Slaver","floor":14,"turns":3},{"damage":7,"enemies":"Slime Boss","floor":16,"turns":7},{"damage":2,"enemies":"Spheric Guardian","floor":18,"turns":3},{"damage":24,"enemies":"Chosen","floor":20,"turns":5},{"damage":33,"enemies":"Book of Stabbing","floor":23,"turns":5},{"damage":38,"enemies":"Snecko","floor":27,"turns":6},{"damage":12,"enemies":"Centurion and Healer","floor":28,"turns":2}],"seed_played":"-6783622185711930942","potions_obtained":[{"floor":5,"key":"Fire Potion"},{"floor":8,"key":"FocusPotion"},{"floor":11,"key":"SteroidPotion"},{"floor":14,"key":"PowerPotion"},{"floor":20,"key":"SneckoOil"},{"floor":23,"key":"AttackPotion"},{"floor":27,"key":"Block Potion"}],"is_trial":false,"path_per_floor":["M","M","?","?","M","E","R","E","T","R","E","R","M","M","R","B",null,"M","?","M","$","?","E","R","?","T","M","M"],"character_chosen":"DEFECT","items_purchased":["Metamorphosis","Pear"],"campfire_rested":3,"item_purchase_floors":[21,21],"current_hp_per_floor":[64,60,53,53,53,37,37,23,23,46,42,42,35,28,51,44,70,68,68,44,54,54,21,47,47,47,9,0],"gold":106,"neow_bonus":"TEN_PERCENT_HP_BONUS","is_prod":false,"is_daily":false,"chose_seed":false,"campfire_upgraded":2,"win_rate":0,"timestamp":1546649691,"path_taken":["M","M","?","?","M","E","R","E","T","R","E","R","M","M","R","BOSS","M","?","M","$","?","E","R","?","T","M","?"],"build_version":"2019-01-03v4","purchased_purges":0,"victory":false,"max_hp_per_floor":[78,78,78,78,78,78,78,78,78,78,78,78,78,78,78,78,78,78,78,78,88,88,88,88,88,88,88,88],"card_choices":[{"not_picked":["Cold Snap","Consume"],"picked":"Ball Lightning","floor":1},{"not_picked":["Beam Cell","Hologram"],"picked":"Coolheaded","floor":2},{"not_picked":["Force Field","Melter"],"picked":"Cold Snap","floor":5},{"not_picked":["Recycle","Fusion"],"picked":"All For One","floor":6},{"not_picked":["Rip and Tear","Double Energy"],"picked":"Ball Lightning","floor":8},{"not_picked":["Redo","Steam Power"],"picked":"Reinforced Body","floor":11},{"not_picked":["Aggregate","Skim"],"picked":"Gash","floor":13},{"not_picked":["Coolheaded","Loop"],"picked":"Hologram","floor":14},{"not_picked":["Multi-Cast","Amplify"],"picked":"Echo Form","floor":16},{"not_picked":["Redo","Hologram"],"picked":"Capacitor","floor":18},{"not_picked":["Stack+1","Reprogram"],"picked":"Gash","floor":20},{"not_picked":["Chaos","Streamline"],"picked":"BootSequence","floor":23},{"not_picked":["Rebound","Coolheaded"],"picked":"Stack","floor":27}],"player_experience":686088,"relics_obtained":[{"floor":6,"key":"The Courier"},{"floor":8,"key":"Shuriken"},{"floor":9,"key":"Blue Candle"},{"floor":11,"key":"Art of War"},{"floor":23,"key":"Symbiotic Virus"},{"floor":26,"key":"Smiling Mask"}],"event_choices":[{"cards_removed":["Strike_B"],"damage_healed":0,"gold_gain":0,"player_choice":"Card Removal","damage_taken":7,"max_hp_gain":0,"max_hp_loss":0,"event_name":"Golden Wing","floor":3,"gold_loss":0},{"damage_healed":0,"gold_gain":0,"player_choice":"Fled","damage_taken":0,"max_hp_gain":0,"max_hp_loss":0,"event_name":"Scrap Ooze","floor":4,"gold_loss":0},{"damage_healed":0,"gold_gain":50,"player_choice":"Stole From Cult","damage_taken":0,"max_hp_gain":0,"max_hp_loss":0,"event_name":"Nest","floor":19,"gold_loss":0},{"damage_healed":0,"gold_gain":0,"player_choice":"Simplicity","damage_taken":0,"max_hp_gain":0,"max_hp_loss":0,"event_name":"Back to Basics","floor":22,"gold_loss":0,"cards_upgraded":["Strike_B","Strike_B","Strike_B","Defend_B","Defend_B","Defend_B","Defend_B"]},{"damage_healed":0,"gold_gain":0,"player_choice":"Ignored","damage_taken":0,"max_hp_gain":0,"max_hp_loss":0,"event_name":"Beggar","floor":25,"gold_loss":0}],"is_beta":false,"boss_relics":[{"not_picked":["Coffee Dripper","White Beast Statue"],"picked":"Nuclear Battery"}],"items_purged_floors":[],"is_endless":false,"potions_floor_spawned":[5,8,11,14,20,23,27],"killed_by":"Centurion and Healer","ascension_level":16}