{"gold_per_floor":[116,116,116,126,140,140,173,39,39,53,53,118,134,161,161,233,233,251,266,266,266,266,266,300,300,354,354],"floor_reached":27,"playtime":1850,"items_purged":[],"score":448,"play_id":"ff31a012-a0fb-4fc9-8f67-1085e6b4401d","local_time":"20190104225741","is_ascension_mode":true,"campfire_choices":[{"data":"Zap","floor":6,"key":"SMITH"},{"floor":11,"key":"REST"},{"data":"Capacitor","floor":15,"key":"SMITH"},{"floor":23,"key":"REST"},{"floor":25,"key":"REST"}],"neow_cost":"NONE","seed_source_timestamp":475318679573828,"circlet_count":0,"master_deck":["AscendersBane","Strike_B","Strike_B","Strike_B","Strike_B","Defend_B","Defend_B","Defend_B","Defend_B","Zap+1","Dualcast","Ball Lightning","Undo","Glacier","Barrage","Capacitor+1","Go for the Eyes","Leap","Ball Lightning","Reboot","Compile Driver","Leap","Necronomicurse","Leap+1"],"relics":["Cracked Core","Oddly Smooth Stone","Bag of Preparation","Darkstone Periapt","The Courier","Tiny Chest","Du-Vu Doll","Black Star","MutagenicStrength","Necronomicon","Toxic Egg 2","Strawberry","Bottled Lightning","Anchor"],"potions_floor_usage":[7,18,27],"damage_taken":[{"damage":0,"enemies":"Cultist","floor":1,"turns":3},{"damage":8,"enemies":"2 Louse","floor":4,"turns":2},{"damage":0,"enemies":"Small Slimes","floor":5,"turns":3},{"damage":12,"enemies":"Gremlin Nob","floor":7,"turns":5},{"damage":0,"enemies":"Looter","floor":10,"turns":3},{"damage":6,"enemies":"3 Sentries","floor":12,"turns":9},{"damage":0,"enemies":"3 Louse","floor":13,"turns":4},{"damage":11,"enemies":"Gremlin Nob","floor":14,"turns":4},{"damage":15,"enemies":"The Guardian","floor":16,"turns":9},{"damage":15,"enemies":"2 Thieves","floor":18,"turns":4},{"damage":5,"enemies":"Shell Parasite","floor":19,"turns":5},{"damage":34,"enemies":"Book of Stabbing","floor":24,"turns":7},{"damage":50,"enemies":"Gremlin Leader","floor":27,"turns":8}],"seed_played":"-3110754594217549310","potions_obtained":[{"floor":4,"key":"SpeedPotion"},{"floor":5,"key":"Energy Potion"},{"floor":10,"key":"Ancient Potion"},{"floor":14,"key":"Poison Potion"},{"floor":24,"key":"Strength Potion"}],"is_trial":false,"path_per_floor":["M","T","?","M","M","R","E","$","T","M","R","E","M","E","R","B",null,"M","M","?","?","T","R","E","R","T","E"],"character_chosen":"DEFECT","items_purchased":["Capacitor","Go for the Eyes"],"campfire_rested":3,"item_purchase_floors":[8,8],"current_hp_per_floor":[64,64,64,56,56,56,44,44,44,44,65,59,59,48,48,33,62,47,42,42,27,27,50,23,48,48,0],"gold":354,"neow_bonus":"RANDOM_COMMON_RELIC","is_prod":false,"is_daily":false,"chose_seed":false,"campfire_upgraded":2,"win_rate":0,"timestamp":1546642661,"path_taken":["M","?","?","M","M","R","E","$","T","M","R","E","M","E","R","BOSS","M","M","?","?","?","R","E","R","T","E"],"build_version":"2019-01-03v4","purchased_purges":0,"victory":false,"max_hp_per_floor":[71,71,71,71,71,71,71,71,71,71,71,71,71,71,71,71,71,71,71,71,77,77,77,84,84,84,84],"card_choices":[{"not_picked":["Barrage","Lockon"],"picked":"Ball Lightning","floor":1},{"not_picked":["Recycle","Tempest"],"picked":"Undo","floor":4},{"not_picked":["Steam","Conserve Battery"],"picked":"Glacier","floor":5},{"not_picked":["Fusion","Rebound"],"picked":"Barrage","floor":7},{"not_picked":["Rainbow","Compile Driver"],"picked":"Leap","floor":10},{"not_picked":["Rebound","Go for the Eyes","Reprogram"],"picked":"SKIP","floor":12},{"not_picked":["Compile Driver","Double Energy"],"picked":"Ball Lightning","floor":13},{"not_picked":["Rip and Tear","Turbo","Gash"],"picked":"SKIP","floor":14},{"not_picked":["Rainbow","Hyperbeam"],"picked":"Reboot","floor":16},{"not_picked":["Storm","Gash"],"picked":"Compile Driver","floor":18},{"not_picked":["Static Discharge+1","Scrape"],"picked":"Leap","floor":19},{"not_picked":["Compile Driver","Hologram+1"],"picked":"Leap+1","floor":24}],"player_experience":679261,"relics_obtained":[{"floor":2,"key":"Bag of Preparation"},{"floor":7,"key":"Darkstone Periapt"},{"floor":9,"key":"The Courier"},{"floor":12,"key":"Tiny Chest"},{"floor":14,"key":"Du-Vu Doll"},{"floor":21,"key":"Necronomicon"},{"floor":22,"key":"Toxic Egg 2"},{"floor":24,"key":"Strawberry"},{"floor":24,"key":"Bottled Lightning"},{"floor":26,"key":"Anchor"}],"event_choices":[{"damage_healed":0,"gold_gain":0,"player_choice":"Leave","damage_taken":0,"max_hp_gain":0,"max_hp_loss":0,"event_name":"The Cleric","floor":3,"gold_loss":0},{"damage_healed":0,"gold_gain":0,"player_choice":"Inject Mutagens","damage_taken":0,"relics_obtained":["MutagenicStrength"],"max_hp_gain":0,"max_hp_loss":0,"event_name":"Drug Dealer","floor":20,"gold_loss":0},{"damage_healed":0,"gold_gain":0,"player_choice":"Obtained Book","damage_taken":21,"max_hp_gain":0,"max_hp_loss":0,"event_name":"Cursed Tome","floor":21,"gold_loss":0}],"is_beta":false,"boss_relics":[{"not_picked":["Eternal Feather","Coffee Dripper"],"picked":"Black Star"}],"items_purged_floors":[],"is_endless":false,"potions_floor_spawned":[4,5,10,13,14,24],"killed_by":"Gremlin Leader","ascension_level":16}