{"gold_per_floor":[109,109,109,11,22,22,56,66,66,66,93,41,60,60],"floor_reached":14,"playtime":599,"items_purged":[],"score":172,"play_id":"a2b4fbe8-6542-498c-9c8d-7167f13a8a2b","local_time":"20190104125822","is_ascension_mode":true,"campfire_choices":[{"data":"Sunder","floor":6,"key":"SMITH"},{"floor":10,"key":"REST"}],"neow_cost":"NONE","seed_source_timestamp":440612771637222,"circlet_count":0,"master_deck":["AscendersBane","Strike_B","Strike_B+1","Strike_B","Strike_B+1","Defend_B","Defend_B","Defend_B","Defend_B","Zap+1","Dualcast","Conserve Battery","Capacitor","Hologram","Sunder+1","Coolheaded","Doom and Gloom","Biased Cognition","Go for the Eyes+1"],"relics":["Cracked Core","Kunai","Molten Egg 2","Orichalcum"],"potions_floor_usage":[11,14],"damage_taken":[{"damage":0,"enemies":"2 Louse","floor":1,"turns":2},{"damage":0,"enemies":"Small Slimes","floor":5,"turns":3},{"damage":20,"enemies":"3 Sentries","floor":7,"turns":6},{"damage":2,"enemies":"Jaw Worm","floor":8,"turns":3},{"damage":33,"enemies":"Gremlin Nob","floor":11,"turns":4},{"damage":1,"enemies":"Blue Slaver","floor":13,"turns":2},{"damage":9,"enemies":"Lagavulin","floor":14,"turns":3}],"seed_played":"-783875265742891305","potions_obtained":[{"floor":8,"key":"FocusPotion"},{"floor":13,"key":"Swift Potion"}],"is_trial":false,"path_per_floor":["M","?","?","$","M","R","E","M","T","R","E","$","M","E"],"character_chosen":"DEFECT","items_purchased":["Capacitor","Hologram","Go for the Eyes+1"],"campfire_rested":1,"item_purchase_floors":[4,4,12],"current_hp_per_floor":[64,43,43,43,43,43,23,21,21,42,9,9,8,0],"gold":60,"neow_bonus":"UPGRADE_CARD","is_prod":false,"is_daily":false,"chose_seed":false,"campfire_upgraded":1,"win_rate":0,"timestamp":1546606702,"path_taken":["M","?","?","?","M","R","E","M","T","R","E","?","M","E"],"build_version":"2019-01-03v3","purchased_purges":0,"victory":false,"max_hp_per_floor":[71,71,71,71,71,71,71,71,71,71,71,71,71,71],"card_choices":[{"not_picked":["Gash","Stack"],"picked":"Conserve Battery","floor":1},{"not_picked":["Lockon","Redo"],"picked":"Sunder","floor":5},{"not_picked":["Streamline","Static Discharge"],"picked":"Coolheaded","floor":7},{"not_picked":["Recycle","Sweeping Beam"],"picked":"Doom and Gloom","floor":8},{"not_picked":["Hello World","Steam"],"picked":"Biased Cognition","floor":11},{"not_picked":["Double Energy","Tempest","Rip and Tear+1"],"picked":"SKIP","floor":13}],"player_experience":662278,"relics_obtained":[{"floor":7,"key":"Kunai"},{"floor":9,"key":"Molten Egg 2"},{"floor":11,"key":"Orichalcum"}],"event_choices":[{"damage_healed":0,"gold_gain":0,"player_choice":"Entered Light","damage_taken":21,"max_hp_gain":0,"max_hp_loss":0,"event_name":"Shining Light","floor":2,"gold_loss":0,"cards_upgraded":["Strike_B","Strike_B"]},{"damage_healed":0,"gold_gain":0,"player_choice":"Ignored","damage_taken":0,"max_hp_gain":0,"max_hp_loss":0,"event_name":"Golden Idol","floor":3,"gold_loss":0}],"is_beta":false,"boss_relics":[],"items_purged_floors":[],"is_endless":false,"potions_floor_spawned":[8,13],"killed_by":"Lagavulin","ascension_level":15}