{"gold_per_floor":[109,122,7,23,23,23,52,64,112,112,112,128,146,181,181,252,252,271,281,295,295,295,295,341,341,341,26,52,52,67,87,87,160,160,174,174,174,92,112,112,112],"floor_reached":41,"playtime":3037,"items_purged":["Strike_B"],"score":821,"play_id":"ef5d2ac1-1e04-4855-9e5f-f4032d738461","local_time":"20190113192959","is_ascension_mode":true,"campfire_choices":[{"data":"Zap","floor":6,"key":"SMITH"},{"floor":11,"key":"REST"},{"data":"Go for the Eyes","floor":15,"key":"SMITH"},{"data":"Rainbow","floor":23,"key":"SMITH"},{"data":"Capacitor","floor":25,"key":"SMITH"},{"data":"Darkness","floor":29,"key":"SMITH"},{"floor":32,"key":"REST"},{"floor":40,"key":"REST"}],"neow_cost":"NONE","seed_source_timestamp":349461167122807,"circlet_count":0,"master_deck":["AscendersBane","Defend_B","Defend_B","Defend_B","Defend_B","Zap+1","Dualcast","Ball Lightning","Cold Snap","Capacitor+1","Go for the Eyes+1","Steam","Stack","Seek","Rainbow+1","Gash+1","Compile Driver","Auto Shields+1","Defragment+1","Darkness+1","Darkness","Multi-Cast","Stack+1","Capacitor+1","Scrape+1","Compile Driver+1","Turbo","Steam Power+1"],"relics":["Cracked Core","Kunai","Art of War","Pantograph","DataDisk","Eternal Feather","Strawberry","MawBank","Frozen Egg 2","Sundial","Astrolabe"],"potions_floor_usage":[7,8,16,16,20,28,30,39],"damage_taken":[{"damage":6,"enemies":"Cultist","floor":1,"turns":3},{"damage":7,"enemies":"Jaw Worm","floor":2,"turns":3},{"damage":0,"enemies":"2 Louse","floor":4,"turns":2},{"damage":16,"enemies":"Lagavulin","floor":7,"turns":6},{"damage":0,"enemies":"Blue Slaver","floor":8,"turns":3},{"damage":32,"enemies":"Gremlin Gang","floor":12,"turns":4},{"damage":0,"enemies":"Exordium Wildlife","floor":13,"turns":3},{"damage":16,"enemies":"3 Sentries","floor":14,"turns":9},{"damage":16,"enemies":"The Guardian","floor":16,"turns":10},{"damage":11,"enemies":"Chosen","floor":18,"turns":7},{"damage":26,"enemies":"Shell Parasite","floor":19,"turns":9},{"damage":29,"enemies":"Sentry and Sphere","floor":20,"turns":6},{"damage":31,"enemies":"Slavers","floor":28,"turns":5},{"damage":20,"enemies":"Shelled Parasite and Fungi","floor":30,"turns":6},{"damage":2,"enemies":"Snecko","floor":31,"turns":6},{"damage":54,"enemies":"Champ","floor":33,"turns":16},{"damage":29,"enemies":"3 Shapes","floor":35,"turns":6},{"damage":42,"enemies":"3 Darklings","floor":39,"turns":7},{"damage":68,"enemies":"Giant Head","floor":41,"turns":7}],"seed_played":"1465907011507135401","potions_obtained":[{"floor":1,"key":"LiquidBronze"},{"floor":4,"key":"Block Potion"},{"floor":7,"key":"GamblersBrew"},{"floor":8,"key":"FairyPotion"},{"floor":13,"key":"Energy Potion"},{"floor":19,"key":"Energy Potion"},{"floor":20,"key":"AttackPotion"},{"floor":28,"key":"AttackPotion"},{"floor":39,"key":"Poison Potion"}],"is_trial":false,"path_per_floor":["M","M","$","M","$","R","E","M","T","T","R","M","M","E","R","B",null,"M","M","M","?","?","R","T","R","T","$","E","R","M","M","R","B",null,"M","?","?","$","M","R","E"],"character_chosen":"DEFECT","items_purchased":["Capacitor","Frozen Egg 2","Defragment+1","Turbo","Swift Potion"],"campfire_rested":3,"item_purchase_floors":[3,27,27,38,38],"current_hp_per_floor":[65,58,58,58,58,58,42,42,42,42,65,33,40,24,24,40,69,65,46,24,24,24,36,43,55,55,55,24,36,23,21,61,38,73,51,51,51,51,9,49,0],"gold":112,"neow_bonus":"TEN_PERCENT_HP_BONUS","is_prod":false,"is_daily":false,"chose_seed":false,"campfire_upgraded":5,"win_rate":0,"timestamp":1547407799,"path_taken":["M","M","$","M","$","R","E","M","T","?","R","M","M","E","R","BOSS","M","M","M","?","?","R","?","R","T","?","E","R","M","?","R","BOSS","M","?","?","$","M","R","E"],"build_version":"2019-01-10","purchased_purges":1,"victory":false,"max_hp_per_floor":[78,78,78,78,78,78,78,78,78,78,78,78,78,78,78,78,78,78,78,78,78,78,78,85,85,85,85,85,85,85,85,85,85,85,85,85,85,85,85,85,85],"card_choices":[{"not_picked":["Doom and Gloom","Redo"],"picked":"Ball Lightning","floor":1},{"not_picked":["Turbo","Beam Cell"],"picked":"Cold Snap","floor":2},{"not_picked":["Fusion","Beam Cell","Turbo"],"picked":"SKIP","floor":4},{"not_picked":["Chill","Thunder Strike"],"picked":"Go for the Eyes","floor":7},{"not_picked":["Rebound","Aggregate"],"picked":"Steam","floor":8},{"not_picked":["Redo","Melter"],"picked":"Self Repair","floor":12},{"not_picked":["Go for the Eyes","Turbo"],"picked":"Stack","floor":13},{"not_picked":["Hologram","Stack"],"picked":"Seek","floor":14},{"not_picked":["Thunder Strike","Multi-Cast"],"picked":"Rainbow","floor":16},{"not_picked":["Blizzard","Storm+1"],"picked":"Gash+1","floor":18},{"not_picked":["Blizzard","Ball Lightning"],"picked":"Compile Driver","floor":19},{"not_picked":["Sweeping Beam","Streamline"],"picked":"Auto Shields+1","floor":20},{"not_picked":["Reprogram","Redo"],"picked":"Darkness","floor":28},{"not_picked":["Static Discharge+1","Barrage"],"picked":"Darkness","floor":30},{"not_picked":["BootSequence","Go for the Eyes","Chill+1"],"picked":"SKIP","floor":31},{"not_picked":["Seek","Amplify"],"picked":"Multi-Cast","floor":33},{"not_picked":["Tempest+1","Conserve Battery+1"],"picked":"Compile Driver+1","floor":35},{"not_picked":["Leap","Hyperbeam"],"picked":"Steam Power+1","floor":39}],"player_experience":851559,"relics_obtained":[{"floor":7,"key":"Kunai"},{"floor":9,"key":"Art of War"},{"floor":10,"key":"Pantograph"},{"floor":14,"key":"DataDisk"},{"floor":24,"key":"Strawberry"},{"floor":26,"key":"MawBank"},{"floor":28,"key":"Sundial"}],"event_choices":[{"damage_healed":0,"gold_gain":0,"player_choice":"Ignored","damage_taken":0,"max_hp_gain":0,"max_hp_loss":0,"event_name":"Vampires","floor":21,"gold_loss":0},{"damage_healed":0,"gold_gain":0,"player_choice":"Ignored","damage_taken":0,"max_hp_gain":0,"max_hp_loss":0,"event_name":"Beggar","floor":22,"gold_loss":0},{"cards_removed":["Self Repair"],"damage_healed":0,"gold_gain":0,"player_choice":"Removed Power","damage_taken":0,"max_hp_gain":0,"max_hp_loss":0,"event_name":"Falling","floor":36,"gold_loss":0},{"damage_healed":0,"gold_gain":0,"player_choice":"Ignored","damage_taken":0,"max_hp_gain":0,"max_hp_loss":0,"event_name":"Mysterious Sphere","floor":37,"gold_loss":0}],"is_beta":false,"boss_relics":[{"not_picked":["Philosopher\u0027s Stone","Calling Bell"],"picked":"Eternal Feather"},{"not_picked":["Snecko Eye","Empty Cage"],"picked":"Astrolabe"}],"items_purged_floors":[3],"is_endless":false,"potions_floor_spawned":[1,4,7,8,13,19,20,28,39],"killed_by":"Giant Head","ascension_level":19}