{"gold_per_floor":[115,127,127,144,12,12,22,22,22,22,47,47,76,88,88,166,166,185,195,195,207,217,217,217],"floor_reached":24,"playtime":1803,"items_purged":[],"score":416,"play_id":"86f75184-6fb1-4c7d-b6e5-baada1114e17","local_time":"20190126125308","is_ascension_mode":true,"campfire_choices":[{"data":"Zap","floor":6,"key":"SMITH"},{"floor":10,"key":"REST"},{"floor":15,"key":"REST"},{"floor":23,"key":"REST"}],"neow_cost":"NONE","seed_source_timestamp":1450096199280728,"circlet_count":0,"master_deck":["AscendersBane","Zap+1","Dualcast","Rip and Tear","Hologram","Auto Shields","Coolheaded","Static Discharge","Go for the Eyes","Genetic Algorithm","Sweeping Beam","Coolheaded","Buffer","Auto Shields","Darkness","Genetic Algorithm","Self Repair","Storm","Consume","Glacier","Defragment","Compile Driver","Reinforced Body+1"],"relics":["Cracked Core","Pear","Centennial Puzzle","Mercury Hourglass","Vajra","Pandora\u0027s Box"],"potions_floor_usage":[13,13,16,22],"damage_taken":[{"damage":0,"enemies":"2 Louse","floor":1,"turns":1},{"damage":5,"enemies":"Small Slimes","floor":2,"turns":3},{"damage":1,"enemies":"Cultist","floor":4,"turns":3},{"damage":1,"enemies":"Looter","floor":7,"turns":3},{"damage":33,"enemies":"3 Sentries","floor":11,"turns":8},{"damage":13,"enemies":"Lagavulin","floor":13,"turns":6},{"damage":12,"enemies":"3 Louse","floor":14,"turns":3},{"damage":25,"enemies":"Slime Boss","floor":16,"turns":8},{"damage":17,"enemies":"Chosen","floor":18,"turns":7},{"damage":21,"enemies":"3 Byrds","floor":19,"turns":4},{"damage":29,"enemies":"Centurion and Healer","floor":21,"turns":10},{"damage":50,"enemies":"Cultist and Chosen","floor":22,"turns":8},{"damage":48,"enemies":"Gremlin Leader","floor":24,"turns":2}],"seed_played":"-4550981328591124346","potions_obtained":[{"floor":1,"key":"Poison Potion"},{"floor":2,"key":"FearPotion"},{"floor":13,"key":"Poison Potion"},{"floor":19,"key":"FocusPotion"}],"is_trial":false,"path_per_floor":["M","M","?","M","$","R","M","?","T","R","E","?","E","M","R","B",null,"M","M","?","M","M","R","E"],"character_chosen":"DEFECT","items_purchased":["Coolheaded","Static Discharge"],"campfire_rested":3,"item_purchase_floors":[5,5],"current_hp_per_floor":[64,59,64,63,63,63,62,37,37,62,29,29,16,4,29,4,66,56,35,86,64,21,46,0],"gold":217,"neow_bonus":"TRANSFORM_CARD","is_prod":false,"is_daily":false,"chose_seed":false,"campfire_upgraded":1,"win_rate":0,"timestamp":1548507188,"path_taken":["M","M","?","M","$","R","M","?","T","R","E","?","E","M","R","BOSS","M","M","?","M","?","R","E"],"build_version":"2019-01-23","purchased_purges":0,"victory":false,"max_hp_per_floor":[71,71,76,76,76,76,76,86,86,86,86,86,86,86,86,86,86,86,86,86,86,86,86,86],"card_choices":[{"not_picked":["Aggregate","Hologram"],"picked":"Rip and Tear","floor":1},{"not_picked":["Gash","Stack"],"picked":"Hologram","floor":2},{"not_picked":["Chaos","FTL"],"picked":"Auto Shields","floor":4},{"not_picked":["Beam Cell","Tempest"],"picked":"Go for the Eyes","floor":7},{"not_picked":["FTL","Rebound"],"picked":"Genetic Algorithm","floor":11},{"not_picked":["Conserve Battery","Rebound"],"picked":"Sweeping Beam","floor":13},{"not_picked":["Hologram","Reboot"],"picked":"Coolheaded","floor":14},{"not_picked":["All For One","Seek"],"picked":"Buffer","floor":16},{"not_picked":["Rebound","Streamline","Blizzard"],"picked":"SKIP","floor":18},{"not_picked":["Genetic Algorithm","Compile Driver"],"picked":"Defragment","floor":19},{"not_picked":["Leap","Gash"],"picked":"Compile Driver","floor":21},{"not_picked":["Coolheaded+1","Gash"],"picked":"Reinforced Body+1","floor":22}],"player_experience":1006680,"relics_obtained":[{"floor":9,"key":"Centennial Puzzle"},{"floor":11,"key":"Mercury Hourglass"},{"floor":13,"key":"Vajra"}],"event_choices":[{"damage_healed":0,"gold_gain":0,"player_choice":"Donut","damage_taken":0,"max_hp_gain":5,"max_hp_loss":0,"event_name":"Big Fish","floor":3,"gold_loss":0},{"damage_healed":0,"gold_gain":0,"player_choice":"Success","damage_taken":35,"relics_obtained":["Pear"],"max_hp_gain":0,"max_hp_loss":0,"event_name":"Scrap Ooze","floor":8,"gold_loss":0},{"damage_healed":0,"gold_gain":0,"player_choice":"Ignored","damage_taken":0,"max_hp_gain":0,"max_hp_loss":0,"event_name":"Shining Light","floor":12,"gold_loss":0},{"cards_removed":["Force Field"],"damage_healed":51,"gold_gain":0,"player_choice":"Offered Uncommon","damage_taken":0,"max_hp_gain":0,"max_hp_loss":0,"event_name":"Bonfire Elementals","floor":20,"gold_loss":0}],"is_beta":false,"boss_relics":[{"not_picked":["Inserter","Calling Bell"],"picked":"Pandora\u0027s Box"}],"items_purged_floors":[],"is_endless":false,"potions_floor_spawned":[1,2,11,13,19],"killed_by":"Gremlin Leader","ascension_level":20}