{"gold_per_floor":[110,82,95,108,125,152,152,152,178,206,223,243,290,300,300,300],"floor_reached":16,"playtime":1150,"items_purged":[],"score":228,"play_id":"d145f52c-9af2-4fc9-a966-b5b39d187288","local_time":"20190126134900","is_ascension_mode":true,"campfire_choices":[{"floor":8,"key":"REST"},{"floor":15,"key":"REST"}],"neow_cost":"NONE","seed_source_timestamp":1454101866247709,"circlet_count":0,"master_deck":["AscendersBane","Strike_B","Strike_B","Strike_B","Strike_B","Defend_B","Defend_B","Defend_B","Defend_B","Zap","Dualcast","Go for the Eyes","Compile Driver","Multi-Cast","Coolheaded","Electrodynamics+1","Chill","Self Repair","Conserve Battery","Coolheaded","Biased Cognition"],"relics":["Cracked Core","Bag of Preparation","Strawberry","Dream Catcher","Anchor"],"potions_floor_usage":[6,10,14,16],"damage_taken":[{"damage":0,"enemies":"Cultist","floor":1,"turns":3},{"damage":5,"enemies":"2 Louse","floor":3,"turns":3},{"damage":4,"enemies":"Jaw Worm","floor":4,"turns":3},{"damage":17,"enemies":"Red Slaver","floor":5,"turns":4},{"damage":28,"enemies":"3 Sentries","floor":6,"turns":8},{"damage":26,"enemies":"Lagavulin","floor":10,"turns":7},{"damage":0,"enemies":"Large Slime","floor":11,"turns":3},{"damage":4,"enemies":"Exordium Wildlife","floor":12,"turns":2},{"damage":0,"enemies":"Exordium Thugs","floor":14,"turns":2},{"damage":36,"enemies":"The Guardian","floor":16,"turns":12}],"seed_played":"-2406647264941096613","potions_obtained":[{"floor":0,"key":"Fire Potion"},{"floor":0,"key":"LiquidBronze"},{"floor":6,"key":"SkillPotion"},{"floor":11,"key":"Ancient Potion"},{"floor":12,"key":"Explosive Potion"}],"is_trial":false,"path_per_floor":["M","$","M","M","M","E","?","R","T","E","M","M","T","M","R","B"],"character_chosen":"DEFECT","items_purchased":["Compile Driver"],"campfire_rested":2,"item_purchase_floors":[2],"current_hp_per_floor":[64,64,59,55,38,10,10,31,38,12,12,8,8,8,31,0],"gold":300,"neow_bonus":"THREE_SMALL_POTIONS","is_prod":false,"is_daily":false,"chose_seed":false,"campfire_upgraded":0,"win_rate":0,"timestamp":1548510540,"path_taken":["M","$","M","?","M","E","?","R","T","E","M","M","?","M","R","BOSS"],"build_version":"2019-01-23","purchased_purges":0,"victory":false,"max_hp_per_floor":[71,71,71,71,71,71,71,71,78,78,78,78,78,78,78,78],"card_choices":[{"not_picked":["Redo","Leap"],"picked":"Go for the Eyes","floor":1},{"not_picked":["Streamline","Undo"],"picked":"Multi-Cast","floor":3},{"not_picked":["Beam Cell","Leap"],"picked":"Coolheaded","floor":4},{"not_picked":["Chaos","Barrage","Gash"],"picked":"SKIP","floor":5},{"not_picked":["Loop","Cold Snap"],"picked":"Electrodynamics","floor":6},{"not_picked":["Hyperbeam","Leap"],"picked":"Chill","floor":10},{"not_picked":["Coolheaded","Stack"],"picked":"Self Repair","floor":11},{"not_picked":["Sunder","Go for the Eyes"],"picked":"Conserve Battery","floor":12},{"not_picked":["Sunder","Hologram"],"picked":"Coolheaded","floor":14},{"not_picked":["Self Repair","Rebound"],"picked":"Biased Cognition","floor":15}],"player_experience":1009878,"relics_obtained":[{"floor":6,"key":"Bag of Preparation"},{"floor":9,"key":"Strawberry"},{"floor":10,"key":"Dream Catcher"},{"floor":13,"key":"Anchor"}],"event_choices":[{"damage_healed":0,"gold_gain":0,"player_choice":"Grow","damage_taken":0,"max_hp_gain":0,"max_hp_loss":0,"event_name":"Living Wall","floor":7,"gold_loss":0,"cards_upgraded":["Electrodynamics"]}],"is_beta":false,"boss_relics":[],"items_purged_floors":[],"is_endless":false,"potions_floor_spawned":[4,6,11,12],"killed_by":"The Guardian","ascension_level":20}