{"gold_per_floor":[116,136,155,23,42,42,60,85,85,85,112,112,129,147,147,219,219,232,232,249,249],"floor_reached":21,"playtime":1641,"items_purged":[],"score":386,"play_id":"84d6b2e3-e8ae-4fb0-900c-c7da3fe9edf7","local_time":"20190126094042","is_ascension_mode":true,"campfire_choices":[{"data":"Zap","floor":6,"key":"SMITH"},{"floor":10,"key":"REST"},{"data":"Sweeping Beam","floor":12,"key":"SMITH"},{"data":"Consume","floor":15,"key":"SMITH"}],"neow_cost":"NONE","seed_source_timestamp":1438712705613004,"circlet_count":0,"master_deck":["AscendersBane","Strike_B","Strike_B","Strike_B","Strike_B","Defend_B","Defend_B","Defend_B","Defend_B","Zap+1","Dualcast","Coolheaded","Hologram","Sweeping Beam+1","Genetic Algorithm","Genetic Algorithm","Ball Lightning","Compile Driver","Self Repair+1","Consume+1","Rip and Tear","Creative AI+1","Go for the Eyes+1"],"relics":["Cracked Core","Dead Branch","Singing Bowl","Frozen Egg 2","Cursed Key","Incense Burner"],"potions_floor_usage":[2,8,13,16,16,20],"damage_taken":[{"damage":0,"enemies":"Cultist","floor":1,"turns":3},{"damage":5,"enemies":"Small Slimes","floor":2,"turns":4},{"damage":0,"enemies":"Jaw Worm","floor":3,"turns":4},{"damage":3,"enemies":"Lots of Slimes","floor":5,"turns":2},{"damage":21,"enemies":"Exordium Wildlife","floor":7,"turns":6},{"damage":23,"enemies":"Lagavulin","floor":8,"turns":5},{"damage":13,"enemies":"3 Sentries","floor":11,"turns":5},{"damage":8,"enemies":"Blue Slaver","floor":13,"turns":3},{"damage":11,"enemies":"3 Louse","floor":14,"turns":4},{"damage":22,"enemies":"Slime Boss","floor":16,"turns":8},{"damage":38,"enemies":"Chosen","floor":18,"turns":4},{"damage":25,"enemies":"Shell Parasite","floor":20,"turns":7},{"damage":28,"enemies":"Chosen and Byrds","floor":21,"turns":3}],"seed_played":"-3333402400222931392","potions_obtained":[{"floor":2,"key":"Fruit Juice"},{"floor":11,"key":"SneckoOil"},{"floor":13,"key":"LiquidBronze"},{"floor":14,"key":"Fire Potion"},{"floor":16,"key":"EssenceOfSteel"},{"floor":20,"key":"Poison Potion"}],"is_trial":false,"path_per_floor":["M","M","M","$","M","R","M","E","T","R","E","R","M","M","R","B",null,"M","?","M","M"],"character_chosen":"DEFECT","items_purchased":["Genetic Algorithm","Strength Potion"],"campfire_rested":1,"item_purchase_floors":[4,4],"current_hp_per_floor":[71,71,71,71,68,68,47,24,24,48,35,35,37,36,36,24,68,42,42,27,0],"gold":249,"neow_bonus":"TEN_PERCENT_HP_BONUS","is_prod":false,"is_daily":false,"chose_seed":false,"campfire_upgraded":3,"win_rate":0,"timestamp":1548495642,"path_taken":["M","M","M","$","M","R","M","E","T","R","E","R","?","M","R","BOSS","M","?","M","?"],"build_version":"2019-01-23","purchased_purges":0,"victory":false,"max_hp_per_floor":[78,83,83,83,83,83,83,83,83,83,83,83,83,83,83,83,83,85,85,85,85],"card_choices":[{"not_picked":["Leap","FTL"],"picked":"Coolheaded","floor":1},{"not_picked":["Barrage","Leap"],"picked":"Hologram","floor":2},{"not_picked":["Go for the Eyes","Turbo"],"picked":"Sweeping Beam","floor":3},{"not_picked":["Sweeping Beam","Turbo"],"picked":"Genetic Algorithm","floor":5},{"not_picked":["Leap","Reprogram"],"picked":"Ball Lightning","floor":7},{"not_picked":["Gash","Redo"],"picked":"Compile Driver","floor":8},{"not_picked":["Redo","Scrape"],"picked":"Self Repair","floor":11},{"not_picked":["Doom and Gloom","Go for the Eyes"],"picked":"Consume","floor":13},{"not_picked":["Fission","Reinforced Body"],"picked":"Rip and Tear","floor":14},{"not_picked":["Thunder Strike","All For One"],"picked":"Creative AI+1","floor":16},{"not_picked":["Steam","Rebound+1","Recycle"],"picked":"Singing Bowl","floor":18},{"not_picked":["Cold Snap","Reprogram"],"picked":"Go for the Eyes+1","floor":20}],"player_experience":1001020,"relics_obtained":[{"floor":8,"key":"Dead Branch"},{"floor":9,"key":"Singing Bowl"},{"floor":11,"key":"Frozen Egg 2"},{"floor":19,"key":"Incense Burner"}],"event_choices":[{"damage_healed":0,"gold_gain":0,"player_choice":"Relic","damage_taken":0,"max_hp_gain":0,"max_hp_loss":0,"event_name":"Wheel of Change","floor":19,"gold_loss":0}],"is_beta":false,"boss_relics":[{"not_picked":["Coffee Dripper","Busted Crown"],"picked":"Cursed Key"}],"items_purged_floors":[],"is_endless":false,"potions_floor_spawned":[2,11,13,14,16,20],"killed_by":"Chosen and Byrds","ascension_level":20}