{"gold_per_floor":[110,110,128,25,35,35,69,88,170,199,199,232,245,271,271,348,348,348,348,5,5,5,5,5,5,5,5,5,5,5,5,5,5],"floor_reached":33,"playtime":2545,"items_purged":[],"score":634,"play_id":"2ec3e92e-683d-4577-8195-ba935e447ec1","local_time":"20190124210932","is_ascension_mode":true,"campfire_choices":[{"data":"Zap","floor":6,"key":"SMITH"},{"floor":11,"key":"REST"},{"data":"Sunder","floor":15,"key":"SMITH"},{"data":"Strike_B","floor":24,"key":"PURGE"},{"data":"Defragment","floor":30,"key":"SMITH"},{"data":"Strike_B","floor":32,"key":"PURGE"}],"neow_cost":"NONE","seed_source_timestamp":1306337703793800,"circlet_count":0,"master_deck":["AscendersBane","Strike_B","Strike_B","Defend_B","Defend_B","Defend_B","Defend_B","Zap+1","Dualcast","Conserve Battery","Self Repair","Coolheaded","Ball Lightning","Static Discharge","White Noise","Darkness","Capacitor","Stack","Creative AI","Sweeping Beam+1","Cold Snap","Cold Snap","Seek","Undo","Defragment+1","Go for the Eyes","Leap+1"],"relics":["Cracked Core","NlothsMask","Peace Pipe","Bag of Preparation","Pear","Pen Nib","Ectoplasm","Thread and Needle","Cables","FossilizedHelix","Lantern"],"potions_floor_usage":[8,16,22,27,27,31,31],"damage_taken":[{"damage":4,"enemies":"Small Slimes","floor":1,"turns":3},{"damage":1,"enemies":"Cultist","floor":3,"turns":4},{"damage":4,"enemies":"2 Louse","floor":5,"turns":4},{"damage":29,"enemies":"3 Sentries","floor":7,"turns":8},{"damage":16,"enemies":"Blue Slaver","floor":8,"turns":3},{"damage":11,"enemies":"Gremlin Nob","floor":10,"turns":3},{"damage":14,"enemies":"Lagavulin","floor":12,"turns":5},{"damage":9,"enemies":"Exordium Thugs","floor":13,"turns":4},{"damage":10,"enemies":"Gremlin Nob","floor":14,"turns":3},{"damage":32,"enemies":"Hexaghost","floor":16,"turns":9},{"damage":0,"enemies":"Chosen","floor":18,"turns":5},{"damage":13,"enemies":"Spheric Guardian","floor":19,"turns":5},{"damage":7,"enemies":"3 Cultists","floor":22,"turns":5},{"damage":18,"enemies":"Snecko","floor":23,"turns":6},{"damage":32,"enemies":"Centurion and Healer","floor":25,"turns":8},{"damage":39,"enemies":"Book of Stabbing","floor":27,"turns":4},{"damage":14,"enemies":"Cultist and Chosen","floor":29,"turns":6},{"damage":22,"enemies":"Slavers","floor":31,"turns":5},{"damage":83,"enemies":"Automaton","floor":33,"turns":10}],"seed_played":"843162453705762457","potions_obtained":[{"floor":1,"key":"LiquidBronze"},{"floor":5,"key":"Weak Potion"},{"floor":7,"key":"Regen Potion"},{"floor":14,"key":"Strength Potion"},{"floor":22,"key":"Fire Potion"},{"floor":23,"key":"Fire Potion"},{"floor":27,"key":"Regen Potion"},{"floor":29,"key":"Fire Potion"}],"is_trial":false,"path_per_floor":["M","?","M","$","M","R","E","M","T","E","R","E","M","E","R","B",null,"M","M","$","?","M","M","R","M","T","E","?","M","R","E","R","B"],"character_chosen":"DEFECT","items_purchased":["Self Repair","Coolheaded","Thread and Needle","Cold Snap"],"campfire_rested":1,"item_purchase_floors":[4,4,20,20],"current_hp_per_floor":[67,67,66,66,69,69,47,47,47,43,66,69,67,57,57,32,74,81,75,75,75,75,64,64,46,46,7,88,81,81,78,78,0],"gold":5,"neow_bonus":"TEN_PERCENT_HP_BONUS","is_prod":false,"is_daily":false,"chose_seed":false,"campfire_upgraded":3,"win_rate":0,"timestamp":1548364172,"path_taken":["M","?","M","$","M","R","E","M","T","E","R","E","M","E","R","BOSS","M","?","$","?","M","M","R","M","T","E","?","M","R","E","R","BOSS"],"build_version":"2019-01-23","purchased_purges":0,"victory":false,"max_hp_per_floor":[78,78,78,78,78,78,78,78,78,78,78,88,88,88,88,88,88,88,88,88,88,88,88,88,88,88,88,88,88,88,88,88,88],"card_choices":[{"not_picked":["Force Field","Skim"],"picked":"Conserve Battery","floor":1},{"not_picked":["Beam Cell","Heatsinks","Turbo"],"picked":"SKIP","floor":3},{"not_picked":["Hologram","Doom and Gloom"],"picked":"Ball Lightning","floor":5},{"not_picked":["Reboot","Barrage"],"picked":"Static Discharge","floor":7},{"not_picked":["Stack","Undo"],"picked":"White Noise","floor":8},{"not_picked":["White Noise","Conserve Battery"],"picked":"Darkness","floor":10},{"not_picked":["FTL","Conserve Battery"],"picked":"Sunder","floor":12},{"not_picked":["Barrage","Consume"],"picked":"Capacitor","floor":13},{"not_picked":["Redo","Doom and Gloom"],"picked":"Stack","floor":14},{"not_picked":["Machine Learning","Amplify"],"picked":"Creative AI","floor":16},{"not_picked":["Coolheaded","Compile Driver"],"picked":"Sweeping Beam+1","floor":18},{"not_picked":["Hello World","Gash"],"picked":"Cold Snap","floor":19},{"not_picked":["Cold Snap","Beam Cell"],"picked":"Seek","floor":22},{"not_picked":["Coolheaded","Blizzard"],"picked":"Undo","floor":23},{"not_picked":["FTL","Loop","Lockon"],"picked":"SKIP","floor":25},{"not_picked":["Darkness","Beam Cell"],"picked":"Defragment","floor":27},{"not_picked":["Steam+1","Sunder"],"picked":"Go for the Eyes","floor":29},{"not_picked":["Chill","Undo+1"],"picked":"Leap+1","floor":31}],"player_experience":987946,"relics_obtained":[{"floor":7,"key":"Peace Pipe"},{"floor":10,"key":"Bag of Preparation"},{"floor":12,"key":"Pear"},{"floor":14,"key":"Pen Nib"},{"floor":26,"key":"Cables"},{"floor":27,"key":"FossilizedHelix"},{"floor":31,"key":"Lantern"}],"event_choices":[{"damage_healed":0,"gold_gain":0,"player_choice":"Trade","damage_taken":0,"relics_obtained":["NlothsMask"],"max_hp_gain":0,"max_hp_loss":0,"event_name":"FaceTrader","floor":2,"gold_loss":0},{"damage_healed":0,"gold_gain":0,"player_choice":"Ignored","damage_taken":0,"max_hp_gain":0,"max_hp_loss":0,"event_name":"Ghosts","floor":21,"gold_loss":0},{"cards_removed":["Sunder"],"damage_healed":81,"gold_gain":0,"player_choice":"Offered Uncommon","damage_taken":0,"max_hp_gain":0,"max_hp_loss":0,"event_name":"Bonfire Elementals","floor":28,"gold_loss":0}],"is_beta":false,"boss_relics":[{"not_picked":["Tiny House","Pandora\u0027s Box"],"picked":"Ectoplasm"}],"items_purged_floors":[],"is_endless":false,"potions_floor_spawned":[1,5,7,14,22,23,27,29],"killed_by":"Automaton","ascension_level":20}