{"gold_per_floor":[115,132,132,148,163,163,194,211,211,243,258,258,291,14,14,88,88,107,25,39,89,106,106,131,311,336,336,353,353,367,402,402,402],"floor_reached":33,"playtime":2074,"items_purged":[],"score":664,"play_id":"a236ae64-74e1-4ed8-ac7e-b6af975cbc95","local_time":"20190125232507","is_ascension_mode":true,"campfire_choices":[{"data":"Zap","floor":6,"key":"SMITH"},{"floor":12,"key":"REST"},{"floor":15,"key":"REST"},{"floor":23,"key":"REST"},{"data":"1","floor":27,"key":"LIFT"},{"floor":29,"key":"REST"},{"floor":32,"key":"REST"}],"neow_cost":"NONE","seed_source_timestamp":1401343195829991,"circlet_count":0,"master_deck":["AscendersBane","Zap+1","Dualcast","Coolheaded","Auto Shields","Gash","Static Discharge","Hyperbeam","Rip and Tear","Leap","Sweeping Beam","Cold Snap","Rainbow+1","Heatsinks","Blizzard","Hologram+1","Chaos+1","Hello World","Hyperbeam","Creative AI","Fission+1","Leap+1","Compile Driver","Stack+1","Compile Driver","BootSequence+1"],"relics":["Cracked Core","Ancient Tea Set","Pocketwatch","Girya","Blue Candle","Du-Vu Doll","Toxic Egg 2","Pandora\u0027s Box","Happy Flower","Lantern","Symbiotic Virus"],"potions_floor_usage":[7,7,13,13,16,31,31,31,31],"damage_taken":[{"damage":4,"enemies":"Small Slimes","floor":1,"turns":4},{"damage":6,"enemies":"Cultist","floor":2,"turns":5},{"damage":7,"enemies":"Jaw Worm","floor":4,"turns":4},{"damage":7,"enemies":"Blue Slaver","floor":5,"turns":5},{"damage":1,"enemies":"Gremlin Nob","floor":7,"turns":3},{"damage":10,"enemies":"Exordium Thugs","floor":8,"turns":3},{"damage":5,"enemies":"3 Sentries","floor":10,"turns":4},{"damage":16,"enemies":"Red Slaver","floor":11,"turns":3},{"damage":7,"enemies":"Lagavulin","floor":13,"turns":6},{"damage":27,"enemies":"Slime Boss","floor":16,"turns":7},{"damage":16,"enemies":"3 Byrds","floor":18,"turns":3},{"damage":0,"enemies":"Spheric Guardian","floor":20,"turns":3},{"damage":18,"enemies":"Cultist and Chosen","floor":22,"turns":4},{"damage":0,"enemies":"Gremlin Leader","floor":24,"turns":8},{"damage":0,"enemies":"3 Cultists","floor":28,"turns":2},{"damage":25,"enemies":"Snecko","floor":30,"turns":6},{"damage":13,"enemies":"Book of Stabbing","floor":31,"turns":5},{"damage":40,"enemies":"Champ","floor":33,"turns":12}],"seed_played":"-309600449882342943","potions_obtained":[{"floor":1,"key":"Fire Potion"},{"floor":2,"key":"Energy Potion"},{"floor":3,"key":"Poison Potion"},{"floor":8,"key":"FearPotion"},{"floor":10,"key":"FairyPotion"},{"floor":11,"key":"EssenceOfSteel"},{"floor":13,"key":"SpeedPotion"},{"floor":18,"key":"Dexterity Potion"},{"floor":24,"key":"EntropicBrew"}],"is_trial":false,"path_per_floor":["M","M","?","M","M","R","E","M","T","E","M","R","E","$","R","B",null,"M","$","M","?","M","R","E","?","T","R","M","R","M","E","R","B"],"character_chosen":"DEFECT","items_purchased":["Toxic Egg 2","Leap+1","Compile Driver"],"campfire_rested":5,"item_purchase_floors":[14,19,19],"current_hp_per_floor":[60,54,54,47,40,40,39,29,29,24,8,29,22,22,43,16,57,41,41,41,41,23,44,44,23,23,23,23,44,19,6,27,0],"gold":402,"neow_bonus":"RANDOM_COMMON_RELIC","is_prod":false,"is_daily":false,"chose_seed":false,"campfire_upgraded":1,"win_rate":0,"timestamp":1548458707,"path_taken":["M","M","?","M","?","R","E","M","T","E","M","R","E","$","R","BOSS","M","$","?","?","M","R","E","?","T","R","?","R","M","E","R","BOSS"],"build_version":"2019-01-23","purchased_purges":0,"victory":false,"max_hp_per_floor":[71,71,71,71,71,71,71,71,71,71,71,71,71,71,71,71,71,71,71,71,71,71,71,71,71,71,71,71,71,71,71,71,71],"card_choices":[{"not_picked":["Chill","Turbo"],"picked":"Coolheaded","floor":1},{"not_picked":["Steam","Barrage"],"picked":"Auto Shields","floor":2},{"not_picked":["Heatsinks","Steam Power"],"picked":"Gash","floor":4},{"not_picked":["Sweeping Beam","Gash"],"picked":"Static Discharge","floor":5},{"not_picked":["Turbo","Gash"],"picked":"Hyperbeam","floor":7},{"not_picked":["Barrage","Coolheaded"],"picked":"Rip and Tear","floor":8},{"not_picked":["Go for the Eyes","Recycle"],"picked":"Leap","floor":10},{"not_picked":["Coolheaded","Darkness"],"picked":"Sweeping Beam","floor":11},{"not_picked":["Genetic Algorithm","Redo"],"picked":"Cold Snap","floor":13},{"not_picked":["Multi-Cast+1","Reboot+1"],"picked":"Rainbow+1","floor":16},{"not_picked":["Beam Cell","Gash+1","Streamline"],"picked":"SKIP","floor":18},{"not_picked":["Gash","Lockon"],"picked":"Stack+1","floor":20},{"not_picked":["Ball Lightning","Rebound"],"picked":"Compile Driver","floor":22},{"not_picked":["Beam Cell","Compile Driver","Skim+1"],"picked":"SKIP","floor":24},{"not_picked":["Hologram+1","Go for the Eyes"],"picked":"BootSequence+1","floor":28},{"not_picked":["Fusion+1","Beam Cell","Sunder"],"picked":"SKIP","floor":30},{"not_picked":["Leap+1","Fusion+1","Thunder Strike"],"picked":"SKIP","floor":31}],"player_experience":997558,"relics_obtained":[{"floor":7,"key":"Pocketwatch"},{"floor":9,"key":"Girya"},{"floor":10,"key":"Blue Candle"},{"floor":13,"key":"Du-Vu Doll"},{"floor":24,"key":"Happy Flower"},{"floor":26,"key":"Lantern"},{"floor":31,"key":"Symbiotic Virus"}],"event_choices":[{"damage_healed":0,"gold_gain":0,"player_choice":"Got Potions","damage_taken":0,"max_hp_gain":0,"max_hp_loss":0,"event_name":"Lab","floor":3,"gold_loss":0},{"damage_healed":0,"gold_gain":50,"player_choice":"Stole From Cult","damage_taken":0,"max_hp_gain":0,"max_hp_loss":0,"event_name":"Nest","floor":21,"gold_loss":0},{"damage_healed":0,"gold_gain":180,"player_choice":"GOLD GOLD ","damage_taken":21,"max_hp_gain":0,"max_hp_loss":0,"event_name":"Knowing Skull","floor":25,"potions_obtained":[],"gold_loss":0,"cards_obtained":[]}],"is_beta":false,"boss_relics":[{"not_picked":["Eternal Feather","Fusion Hammer"],"picked":"Pandora\u0027s Box"}],"items_purged_floors":[],"is_endless":false,"potions_floor_spawned":[1,2,8,10,11,13,18,24],"killed_by":"Champ","ascension_level":20}