{"gold_per_floor":[214,214,225,240,240,240,240,270,270,285,316,316,391,420,420,420],"floor_reached":16,"playtime":749,"items_purged":[],"score":266,"play_id":"ffd3770a-e6c6-4682-a330-18a440d8cffe","local_time":"20190127214102","is_ascension_mode":true,"campfire_choices":[{"data":"White Noise","floor":6,"key":"SMITH"},{"floor":12,"key":"REST"},{"floor":15,"key":"REST"}],"neow_cost":"NONE","seed_source_timestamp":1569223261057290,"circlet_count":0,"master_deck":["AscendersBane","Strike_B","Strike_B","Strike_B","Strike_B","Defend_B","Defend_B","Defend_B","Defend_B","Zap+1","Dualcast","Coolheaded","Cold Snap+1","White Noise+1","Static Discharge","Sweeping Beam+1","Leap","Compile Driver"],"relics":["Cracked Core","Shuriken","Whetstone","Odd Mushroom"],"potions_floor_usage":[11,11,16],"damage_taken":[{"damage":0,"enemies":"Small Slimes","floor":1,"turns":3},{"damage":0,"enemies":"Cultist","floor":3,"turns":4},{"damage":3,"enemies":"2 Louse","floor":4,"turns":2},{"damage":0,"enemies":"3 Sentries","floor":8,"turns":3},{"damage":14,"enemies":"Red Slaver","floor":10,"turns":2},{"damage":14,"enemies":"Gremlin Nob","floor":11,"turns":4},{"damage":18,"enemies":"The Mushroom Lair","floor":14,"turns":3},{"damage":56,"enemies":"Slime Boss","floor":16,"turns":5}],"seed_played":"-6077852965755479554","potions_obtained":[{"floor":3,"key":"Energy Potion"},{"floor":5,"key":"Weak Potion"},{"floor":8,"key":"Block Potion"},{"floor":14,"key":"Energy Potion"}],"is_trial":false,"path_per_floor":["M","?","M","M","?","R","$","E","T","M","E","R","?","?","R","B"],"character_chosen":"DEFECT","items_purchased":[],"campfire_rested":2,"item_purchase_floors":[],"current_hp_per_floor":[64,64,64,61,61,61,61,61,61,47,33,54,43,25,46,0],"gold":420,"neow_bonus":"HUNDRED_GOLD","is_prod":false,"is_daily":false,"chose_seed":false,"campfire_upgraded":1,"win_rate":0,"timestamp":1548625262,"path_taken":["M","?","M","?","?","R","$","E","T","?","E","R","?","?","R","BOSS"],"build_version":"2019-01-23","purchased_purges":0,"victory":false,"max_hp_per_floor":[71,71,71,71,71,71,71,71,71,71,71,71,71,71,71,71],"card_choices":[{"not_picked":["Conserve Battery","Capacitor"],"picked":"Coolheaded","floor":1},{"not_picked":["Scrape","Turbo"],"picked":"Cold Snap","floor":3},{"not_picked":["Go for the Eyes","Undo"],"picked":"White Noise","floor":4},{"not_picked":["Hologram","BootSequence"],"picked":"Static Discharge","floor":8},{"not_picked":["Buffer","Capacitor"],"picked":"Sweeping Beam","floor":10},{"not_picked":["Streamline","Amplify"],"picked":"Leap","floor":11},{"not_picked":["Rip and Tear","Gash"],"picked":"Compile Driver","floor":14}],"player_experience":1033883,"relics_obtained":[{"floor":9,"key":"Shuriken"},{"floor":11,"key":"Whetstone"},{"floor":14,"key":"Odd Mushroom"}],"event_choices":[{"damage_healed":0,"gold_gain":0,"player_choice":"Upgraded","damage_taken":0,"max_hp_gain":0,"max_hp_loss":0,"event_name":"Upgrade Shrine","floor":2,"gold_loss":0,"cards_upgraded":["Zap"]},{"damage_healed":0,"gold_gain":0,"player_choice":"Got Potions","damage_taken":0,"max_hp_gain":0,"max_hp_loss":0,"event_name":"Lab","floor":5,"gold_loss":0},{"damage_healed":0,"gold_gain":75,"player_choice":"Gather Gold","damage_taken":11,"max_hp_gain":0,"max_hp_loss":0,"event_name":"World of Goop","floor":13,"gold_loss":0},{"damage_healed":0,"gold_gain":0,"player_choice":"Fought Mushrooms","damage_taken":0,"max_hp_gain":0,"max_hp_loss":0,"event_name":"Mushrooms","floor":14,"gold_loss":0}],"is_beta":false,"boss_relics":[],"items_purged_floors":[],"is_endless":false,"potions_floor_spawned":[3,8,14],"killed_by":"Slime Boss","ascension_level":20}