{"gold_per_floor":[109,109,127,49,49,76,7,7,7,25,40,40,50,83,83,155,155,165,165,37,48,48],"floor_reached":22,"playtime":1430,"items_purged":["Strike_B"],"score":388,"play_id":"5e126084-e3e2-4a9c-bee6-1e1200776192","local_time":"20190126141305","is_ascension_mode":true,"campfire_choices":[{"floor":8,"key":"REST"},{"floor":12,"key":"REST"},{"data":"Darkness","floor":15,"key":"SMITH"}],"neow_cost":"NONE","seed_source_timestamp":1455265763493922,"circlet_count":0,"master_deck":["AscendersBane","Strike_B","Strike_B","Defend_B","Defend_B+1","Defend_B","Defend_B+1","Zap+1","Dualcast","Hologram","Coolheaded","Darkness+1","Cold Snap","Blizzard","Seek","Redo","Biased Cognition","Sweeping Beam+1","Conserve Battery"],"relics":["Cracked Core","Vajra","Lantern","Torii","Symbiotic Virus","Nuclear Battery","Nilry\u0027s Codex"],"potions_floor_usage":[6,14,14,22],"damage_taken":[{"damage":3,"enemies":"2 Louse","floor":1,"turns":3},{"damage":0,"enemies":"Cultist","floor":3,"turns":3},{"damage":27,"enemies":"Gremlin Nob","floor":6,"turns":4},{"damage":0,"enemies":"Small Slimes","floor":10,"turns":3},{"damage":1,"enemies":"Looter","floor":11,"turns":3},{"damage":2,"enemies":"Blue Slaver","floor":13,"turns":4},{"damage":9,"enemies":"3 Sentries","floor":14,"turns":6},{"damage":10,"enemies":"Hexaghost","floor":16,"turns":9},{"damage":21,"enemies":"Shell Parasite","floor":18,"turns":5},{"damage":0,"enemies":"Spheric Guardian","floor":21,"turns":3},{"damage":30,"enemies":"Centurion and Healer","floor":22,"turns":10}],"seed_played":"-7107863123977830018","potions_obtained":[{"floor":1,"key":"AttackPotion"},{"floor":6,"key":"PowerPotion"},{"floor":11,"key":"Explosive Potion"}],"is_trial":false,"path_per_floor":["M","?","M","$","?","E","?","R","T","M","M","R","M","E","R","B",null,"M","?","$","M","M"],"character_chosen":"DEFECT","items_purchased":["Darkness","Block Potion"],"campfire_rested":2,"item_purchase_floors":[4,20],"current_hp_per_floor":[61,54,54,54,33,6,6,27,27,27,26,47,45,36,36,26,60,39,18,18,18,0],"gold":48,"neow_bonus":"UPGRADE_CARD","is_prod":false,"is_daily":false,"chose_seed":false,"campfire_upgraded":1,"win_rate":0,"timestamp":1548511985,"path_taken":["M","?","M","$","?","E","?","R","T","?","M","R","M","E","R","BOSS","M","?","$","M","M"],"build_version":"2019-01-23","purchased_purges":1,"victory":false,"max_hp_per_floor":[71,71,71,71,71,71,71,71,71,71,71,71,71,71,71,71,71,71,71,71,71,71],"card_choices":[{"not_picked":["Lockon","Steam"],"picked":"Hologram","floor":1},{"not_picked":["Gash","Steam"],"picked":"Coolheaded","floor":3},{"not_picked":["Hologram","Chaos","Doom and Gloom"],"picked":"SKIP","floor":6},{"not_picked":["Stack","Aggregate"],"picked":"Cold Snap","floor":10},{"not_picked":["Cold Snap","FTL"],"picked":"Blizzard","floor":11},{"not_picked":["Conserve Battery","Hologram"],"picked":"Seek","floor":13},{"not_picked":["Gash","Turbo"],"picked":"Redo","floor":14},{"not_picked":["Reboot","Fission"],"picked":"Biased Cognition","floor":16},{"not_picked":["Gash","Beam Cell"],"picked":"Sweeping Beam+1","floor":18},{"not_picked":["Self Repair","Leap"],"picked":"Conserve Battery","floor":21}],"player_experience":1011028,"relics_obtained":[{"floor":6,"key":"Vajra"},{"floor":9,"key":"Torii"},{"floor":14,"key":"Symbiotic Virus"},{"floor":19,"key":"Nilry\u0027s Codex"}],"event_choices":[{"cards_removed":["Strike_B"],"damage_healed":0,"gold_gain":0,"player_choice":"Card Removal","damage_taken":7,"max_hp_gain":0,"max_hp_loss":0,"event_name":"Golden Wing","floor":2,"gold_loss":0},{"damage_healed":0,"gold_gain":0,"player_choice":"Entered Light","damage_taken":21,"max_hp_gain":0,"max_hp_loss":0,"event_name":"Shining Light","floor":5,"gold_loss":0,"cards_upgraded":["Defend_B","Defend_B"]},{"damage_healed":0,"gold_gain":0,"player_choice":"Paid Gold","damage_taken":0,"relics_obtained":["Lantern"],"max_hp_gain":0,"max_hp_loss":0,"event_name":"WeMeetAgain","floor":7,"gold_loss":69},{"damage_healed":0,"gold_gain":0,"player_choice":"Obtained Book","damage_taken":21,"max_hp_gain":0,"max_hp_loss":0,"event_name":"Cursed Tome","floor":19,"gold_loss":0}],"is_beta":false,"boss_relics":[{"not_picked":["Runic Dome","Astrolabe"],"picked":"Nuclear Battery"}],"items_purged_floors":[20],"is_endless":false,"potions_floor_spawned":[1,6,11],"killed_by":"Centurion and Healer","ascension_level":20}