{"gold_per_floor":[119,119,136,101,117,117,131,131,154,181,181,213,232,247,247,344,394,410,287,297,311,325,325,353,353,353,353,353,369,381,401,401,496,496,512,512,51,66,66,66,82,82,132,132,145,171,171,182,182,182],"floor_reached":51,"playtime":2768,"items_purged":["Strike_B"],"score":686,"play_id":"05122b99-5b44-453c-bc80-d62a8c835e3a","local_time":"20190209000223","is_ascension_mode":false,"campfire_choices":[{"data":"Zap","floor":6,"key":"SMITH"},{"data":"Sweeping Beam","floor":8,"key":"SMITH"},{"floor":11,"key":"REST"},{"floor":15,"key":"REST"},{"floor":23,"key":"REST"},{"floor":25,"key":"REST"},{"floor":32,"key":"REST"},{"floor":40,"key":"REST"},{"floor":42,"key":"REST"},{"floor":47,"key":"REST"},{"floor":49,"key":"REST"}],"neow_cost":"NONE","seed_source_timestamp":620989573179935,"circlet_count":0,"master_deck":["Strike_B+1","Strike_B+1","Defend_B","Defend_B","Defend_B","Zap+1","Dualcast+1","Conserve Battery","Glacier","Ball Lightning","Sweeping Beam+1","Hologram","White Noise","Conserve Battery","White Noise","Biased Cognition","Genetic Algorithm+1","Ball Lightning","Ball Lightning+1","Defragment","Capacitor","Genetic Algorithm","Meteor Strike","Biased Cognition","Turbo+1","Echo Form","Chill+1","Hologram+1","Decay","Defragment","Fusion+1","Amplify+1","Undo+1","Stack+1"],"relics":["Cracked Core","Happy Flower","GremlinMask","Whetstone","Bag of Preparation","Dream Catcher","Tiny House","Kunai","The Courier","Fusion Hammer","Mummified Hand","Toxic Egg 2","Omamori","Unceasing Top"],"potions_floor_usage":[7,16,24,24,33,46,50,50,50],"damage_taken":[{"damage":0,"enemies":"Small Slimes","floor":1,"turns":2},{"damage":1,"enemies":"Cultist","floor":3,"turns":3},{"damage":0,"enemies":"Jaw Worm","floor":5,"turns":3},{"damage":31,"enemies":"Gremlin Gang","floor":7,"turns":5},{"damage":27,"enemies":"Gremlin Nob","floor":10,"turns":4},{"damage":12,"enemies":"3 Sentries","floor":12,"turns":5},{"damage":2,"enemies":"Blue Slaver","floor":13,"turns":3},{"damage":5,"enemies":"Lots of Slimes","floor":14,"turns":2},{"damage":14,"enemies":"Hexaghost","floor":16,"turns":7},{"damage":3,"enemies":"Spheric Guardian","floor":18,"turns":3},{"damage":15,"enemies":"3 Byrds","floor":20,"turns":4},{"damage":23,"enemies":"Sentry and Sphere","floor":21,"turns":4},{"damage":6,"enemies":"Cultist and Chosen","floor":22,"turns":3},{"damage":38,"enemies":"Slavers","floor":24,"turns":5},{"damage":0,"enemies":"Snecko","floor":29,"turns":3},{"damage":27,"enemies":"3 Cultists","floor":30,"turns":5},{"damage":1,"enemies":"Centurion and Healer","floor":31,"turns":4},{"damage":7,"enemies":"Automaton","floor":33,"turns":6},{"damage":23,"enemies":"Orb Walker","floor":35,"turns":4},{"damage":0,"enemies":"3 Darklings","floor":38,"turns":5},{"damage":19,"enemies":"Sphere and 2 Shapes","floor":41,"turns":6},{"damage":19,"enemies":"Maw","floor":45,"turns":8},{"damage":13,"enemies":"Nemesis","floor":46,"turns":7},{"damage":0,"enemies":"Transient","floor":48,"turns":5},{"damage":19,"enemies":"Time Eater","floor":50,"turns":9}],"seed_played":"5570207356360047845","potions_obtained":[{"floor":5,"key":"SteroidPotion"},{"floor":12,"key":"Block Potion"},{"floor":14,"key":"AttackPotion"},{"floor":16,"key":"Energy Potion"},{"floor":17,"key":"Energy Potion"},{"floor":24,"key":"PowerPotion"},{"floor":29,"key":"GamblersBrew"},{"floor":33,"key":"Poison Potion"},{"floor":44,"key":"EssenceOfSteel"},{"floor":46,"key":"SkillPotion"}],"is_trial":false,"path_per_floor":["M","?","M","$","M","R","M","R","T","E","R","E","M","M","R","B",null,"M","$","M","M","M","R","E","R","T","?","?","M","M","M","R","B",null,"M","?","$","M","?","R","M","R","T","?","M","E","R","M","R","B",null],"character_chosen":"DEFECT","items_purchased":["Glacier","Ball Lightning","Mummified Hand","Toxic Egg 2","Chill+1","Hologram+1"],"campfire_rested":9,"item_purchase_floors":[4,19,37,37,37,37],"current_hp_per_floor":[75,75,74,74,74,74,43,43,43,16,38,26,24,19,41,27,80,77,77,62,39,33,57,19,43,43,43,43,43,16,15,39,32,80,57,57,57,57,57,80,61,80,80,80,61,48,72,72,80,61],"gold":182,"neow_bonus":"RANDOM_COMMON_RELIC","is_prod":false,"is_daily":false,"chose_seed":false,"campfire_upgraded":2,"win_rate":0,"timestamp":1549670543,"path_taken":["M","?","M","$","?","R","M","R","T","E","R","E","M","M","R","BOSS","M","$","M","M","M","R","E","R","T","?","?","M","M","M","R","BOSS","M","?","$","M","?","R","?","R","T","?","M","E","R","M","R","BOSS"],"build_version":"2019-01-23","purchased_purges":1,"victory":true,"max_hp_per_floor":[75,75,75,75,75,75,75,75,75,75,75,75,75,75,75,75,80,80,80,80,80,80,80,80,80,80,80,80,80,80,80,80,80,80,80,80,80,80,80,80,80,80,80,80,80,80,80,80,80,80],"card_choices":[{"not_picked":["Stack","Rebound","Auto Shields"],"picked":"SKIP","floor":1},{"not_picked":["Chaos","Double Energy"],"picked":"Conserve Battery","floor":3},{"not_picked":["Blizzard","Fusion"],"picked":"Ball Lightning","floor":5},{"not_picked":["Turbo","Go for the Eyes"],"picked":"Sweeping Beam","floor":7},{"not_picked":["Ball Lightning","Fission"],"picked":"Hologram","floor":10},{"not_picked":["Glacier","Gash"],"picked":"White Noise","floor":12},{"not_picked":["Barrage","Compile Driver","Streamline"],"picked":"SKIP","floor":13},{"not_picked":["Steam","Compile Driver"],"picked":"Conserve Battery","floor":14},{"not_picked":["Static Discharge","Hyperbeam"],"picked":"White Noise","floor":15},{"not_picked":["Machine Learning","Multi-Cast"],"picked":"Biased Cognition","floor":16},{"not_picked":["Ball Lightning","Aggregate"],"picked":"Genetic Algorithm+1","floor":18},{"not_picked":["Beam Cell+1","Coolheaded"],"picked":"Ball Lightning+1","floor":20},{"not_picked":["Streamline","Chaos","BootSequence"],"picked":"SKIP","floor":21},{"not_picked":["Conserve Battery","Genetic Algorithm"],"picked":"Defragment","floor":22},{"not_picked":["Streamline+1","Beam Cell"],"picked":"Capacitor","floor":23},{"not_picked":["Self Repair","Steam+1","Reprogram"],"picked":"SKIP","floor":24},{"not_picked":["Skim+1","Redo"],"picked":"Genetic Algorithm","floor":25},{"not_picked":["Compile Driver","Machine Learning"],"picked":"Turbo+1","floor":29},{"not_picked":["Barrage","Undo","Go for the Eyes"],"picked":"SKIP","floor":30},{"not_picked":["Streamline","Rip and Tear","Stack"],"picked":"SKIP","floor":31},{"not_picked":["All For One","Machine Learning"],"picked":"Echo Form","floor":33},{"not_picked":["Auto Shields","Conserve Battery+1","Capacitor+1"],"picked":"SKIP","floor":35},{"not_picked":["Leap+1","Conserve Battery+1","Beam Cell+1"],"picked":"SKIP","floor":38},{"not_picked":["Sweeping Beam+1","Redo+1"],"picked":"Defragment","floor":41},{"not_picked":["FTL+1","Beam Cell+1"],"picked":"Fusion+1","floor":42},{"not_picked":["Leap+1","Go for the Eyes+1"],"picked":"Amplify+1","floor":45},{"not_picked":["Streamline","Compile Driver+1"],"picked":"Undo+1","floor":46},{"not_picked":["Ball Lightning","Blizzard","Turbo+1"],"picked":"SKIP","floor":48},{"not_picked":["Redo+1","Hyperbeam"],"picked":"Stack+1","floor":49}],"player_experience":1108194,"relics_obtained":[{"floor":9,"key":"Whetstone"},{"floor":10,"key":"Bag of Preparation"},{"floor":12,"key":"Dream Catcher"},{"floor":24,"key":"Kunai"},{"floor":26,"key":"The Courier"},{"floor":43,"key":"Omamori"},{"floor":46,"key":"Unceasing Top"}],"event_choices":[{"damage_healed":0,"gold_gain":0,"player_choice":"Trade","damage_taken":0,"relics_obtained":["GremlinMask"],"max_hp_gain":0,"max_hp_loss":0,"event_name":"FaceTrader","floor":2,"gold_loss":0},{"damage_healed":0,"gold_gain":0,"cards_transformed":["Strike_B","Defend_B"],"player_choice":"Became Test Subject","damage_taken":0,"max_hp_gain":0,"max_hp_loss":0,"event_name":"Drug Dealer","floor":27,"gold_loss":0,"cards_obtained":["Meteor Strike","Biased Cognition"]},{"damage_healed":0,"gold_gain":0,"player_choice":"Ignored","damage_taken":0,"max_hp_gain":0,"max_hp_loss":0,"event_name":"Beggar","floor":28,"gold_loss":0},{"damage_healed":0,"gold_gain":0,"player_choice":"Ignored","damage_taken":0,"max_hp_gain":0,"max_hp_loss":0,"event_name":"Mysterious Sphere","floor":36,"gold_loss":0},{"damage_healed":0,"gold_gain":0,"player_choice":"Cursed","damage_taken":0,"max_hp_gain":0,"max_hp_loss":0,"event_name":"Wheel of Change","floor":39,"gold_loss":0,"cards_obtained":["Decay"]},{"damage_healed":0,"gold_gain":0,"player_choice":"Got Potions","damage_taken":0,"max_hp_gain":0,"max_hp_loss":0,"event_name":"Lab","floor":44,"gold_loss":0}],"is_beta":false,"boss_relics":[{"not_picked":["Runic Dome","Black Star"],"picked":"Tiny House"},{"not_picked":["Pandora\u0027s Box","Velvet Choker"],"picked":"Fusion Hammer"}],"items_purged_floors":[19],"is_endless":false,"potions_floor_spawned":[5,12,14,16,22,24,29,33,41,46],"ascension_level":0}