{"gold_per_floor":[109,28,38,57,57,91,91,125,125,125,125,159,172,190,190,190],"floor_reached":16,"playtime":972,"items_purged":[],"score":240,"play_id":"8bb6e2d6-7f26-45dd-9236-753ba420b7e6","local_time":"20190525101805","is_ascension_mode":true,"campfire_choices":[{"data":"Zap","floor":7,"key":"SMITH"},{"floor":11,"key":"REST"},{"floor":15,"key":"REST"}],"neow_cost":"NONE","seed_source_timestamp":464054474714945,"circlet_count":0,"master_deck":["AscendersBane","Strike_B","Strike_B","Strike_B","Defend_B","Defend_B","Defend_B","Defend_B","Zap+1","Dualcast","Sweeping Beam","Sunder","Hologram","Undo","Sweeping Beam+1","Hyperbeam+1","Glacier","Coolheaded"],"relics":["Cracked Core","Question Card","Molten Egg 2","Letter Opener","Ginger"],"potions_floor_usage":[6,8,16,16],"damage_taken":[{"damage":0,"enemies":"Jaw Worm","floor":1,"turns":4},{"damage":0,"enemies":"2 Louse","floor":3,"turns":2},{"damage":1,"enemies":"Cultist","floor":4,"turns":3},{"damage":34,"enemies":"Lagavulin","floor":6,"turns":8},{"damage":9,"enemies":"3 Sentries","floor":8,"turns":5},{"damage":32,"enemies":"Gremlin Nob","floor":12,"turns":4},{"damage":0,"enemies":"3 Louse","floor":13,"turns":2},{"damage":8,"enemies":"Large Slime","floor":14,"turns":3},{"damage":35,"enemies":"Slime Boss","floor":16,"turns":8}],"seed_played":"4530417130651175506","potions_obtained":[{"floor":0,"key":"Regen Potion"},{"floor":0,"key":"Dexterity Potion"},{"floor":4,"key":"Explosive Potion"},{"floor":8,"key":"SmokeBomb"},{"floor":13,"key":"Weak Potion"},{"floor":14,"key":"EssenceOfSteel"}],"is_trial":false,"path_per_floor":["M","$","M","M","?","E","R","E","T","?","R","E","M","M","R","B"],"character_chosen":"DEFECT","items_purchased":["Sunder"],"campfire_rested":2,"item_purchase_floors":[2],"current_hp_per_floor":[64,64,64,63,56,36,36,27,27,27,48,16,16,8,29,0],"gold":190,"neow_bonus":"THREE_SMALL_POTIONS","is_prod":false,"is_daily":false,"chose_seed":false,"campfire_upgraded":1,"win_rate":0,"timestamp":1558775885,"path_taken":["M","$","M","M","?","E","R","E","T","?","R","E","M","M","R","BOSS"],"build_version":"2019-01-23","purchased_purges":0,"victory":false,"max_hp_per_floor":[71,71,71,71,71,71,71,71,71,71,71,71,71,71,71,71],"card_choices":[{"not_picked":["Compile Driver","Stack"],"picked":"Sweeping Beam","floor":1},{"not_picked":["Loop","Skim"],"picked":"Hologram","floor":3},{"not_picked":["Loop","Lockon"],"picked":"Undo","floor":4},{"not_picked":["Redo","Loop","Double Energy"],"picked":"SKIP","floor":6},{"not_picked":["Streamline","Go for the Eyes","Beam Cell"],"picked":"Sweeping Beam","floor":8},{"not_picked":["Steam","Conserve Battery","Amplify"],"picked":"Glacier","floor":12},{"not_picked":["Streamline+1","Hello World","Scrape+1","Redo"],"picked":"SKIP","floor":13},{"not_picked":["Streamline+1","Stack","Tempest"],"picked":"Coolheaded","floor":14}],"player_experience":1445803,"relics_obtained":[{"floor":6,"key":"Question Card"},{"floor":8,"key":"Molten Egg 2"},{"floor":9,"key":"Letter Opener"},{"floor":12,"key":"Ginger"}],"event_choices":[{"cards_removed":["Strike_B"],"damage_healed":0,"gold_gain":0,"player_choice":"Card Removal","damage_taken":7,"max_hp_gain":0,"max_hp_loss":0,"event_name":"Golden Wing","floor":5,"gold_loss":0},{"damage_healed":0,"gold_gain":0,"player_choice":"1 cards matched","damage_taken":0,"max_hp_gain":0,"max_hp_loss":0,"event_name":"Match and Keep!","floor":10,"gold_loss":0,"cards_obtained":["Hyperbeam"]}],"is_beta":false,"boss_relics":[],"items_purged_floors":[],"is_endless":false,"potions_floor_spawned":[4,8,13,14],"killed_by":"Slime Boss","ascension_level":20}