{"gold_per_floor":[113,130,0,0,15,15,32,32,32,32,32,62,81,110,110,184,184,194,50,50,50,50,50,85,85,85,105,117,131,131,142,142,220,220,238,98,114,114],"floor_reached":38,"playtime":2041,"items_purged":["Strike_B","Meteor Strike+1","Defend_B"],"score":808,"play_id":"0c490975-a05a-4887-ad8b-88ea5e2a6c86","local_time":"20190523221732","is_ascension_mode":true,"campfire_choices":[{"data":"Defragment","floor":6,"key":"SMITH"},{"data":"Sweeping Beam","floor":8,"key":"SMITH"},{"floor":11,"key":"REST"},{"floor":15,"key":"DIG"},{"floor":23,"key":"REST"},{"floor":25,"key":"REST"},{"floor":30,"key":"REST"},{"data":"Defragment","floor":32,"key":"SMITH"}],"neow_cost":"NONE","seed_source_timestamp":333350882708623,"circlet_count":0,"master_deck":["AscendersBane","Defend_B+1","Defend_B","Zap+1","Dualcast+1","Cold Snap","Defragment+1","Compile Driver","Sweeping Beam+1","Coolheaded","Darkness","Electrodynamics","Cold Snap+1","Redo+1","Defragment+1","Conserve Battery","Conserve Battery","Machine Learning","Capacitor"],"relics":["Cracked Core","Pantograph","DataDisk","Shovel","Sundial","Astrolabe","Nilry\u0027s Codex","Blue Candle","Smiling Mask","Sozu"],"potions_floor_usage":[7,12,24,38],"damage_taken":[{"damage":0,"enemies":"2 Louse","floor":1,"turns":2},{"damage":0,"enemies":"Cultist","floor":2,"turns":3},{"damage":0,"enemies":"Jaw Worm","floor":5,"turns":3},{"damage":0,"enemies":"Lots of Slimes","floor":7,"turns":2},{"damage":7,"enemies":"3 Sentries","floor":12,"turns":5},{"damage":1,"enemies":"Looter","floor":13,"turns":4},{"damage":28,"enemies":"Gremlin Nob","floor":14,"turns":4},{"damage":1,"enemies":"The Guardian","floor":16,"turns":8},{"damage":10,"enemies":"Shell Parasite","floor":18,"turns":5},{"damage":29,"enemies":"Slavers","floor":24,"turns":2},{"damage":22,"enemies":"2 Thieves","floor":27,"turns":3},{"damage":1,"enemies":"Centurion and Healer","floor":28,"turns":4},{"damage":7,"enemies":"Shelled Parasite and Fungi","floor":29,"turns":6},{"damage":7,"enemies":"3 Cultists","floor":31,"turns":3},{"damage":19,"enemies":"Automaton","floor":33,"turns":12},{"damage":17,"enemies":"3 Shapes","floor":35,"turns":2},{"damage":34,"enemies":"3 Darklings","floor":37,"turns":5},{"damage":21,"enemies":"Jaw Worm Horde","floor":38,"turns":2}],"seed_played":"2357874543442993106","potions_obtained":[{"floor":2,"key":"Explosive Potion"},{"floor":7,"key":"SkillPotion"},{"floor":13,"key":"LiquidBronze"},{"floor":18,"key":"GamblersBrew"},{"floor":24,"key":"Fruit Juice"},{"floor":29,"key":"GamblersBrew"}],"is_trial":false,"path_per_floor":["M","M","$","?","M","R","M","R","T","?","R","E","M","E","R","B",null,"M","$","?","?","?","R","E","R","T","M","M","M","R","M","R","B",null,"M","$","M","M"],"character_chosen":"DEFECT","items_purchased":["Compile Driver","Defragment","Capacitor"],"campfire_rested":4,"item_purchase_floors":[3,19,36],"current_hp_per_floor":[64,64,64,43,43,43,43,43,43,43,64,57,56,28,28,52,66,56,56,35,15,15,37,13,37,37,15,14,7,31,24,24,30,68,51,51,17,0],"gold":114,"neow_bonus":"UPGRADE_CARD","is_prod":false,"is_daily":false,"chose_seed":false,"campfire_upgraded":3,"win_rate":0,"timestamp":1558646252,"path_taken":["M","M","$","?","M","R","M","R","T","?","R","E","M","E","R","BOSS","M","$","?","?","?","R","E","R","T","M","?","?","R","M","R","BOSS","M","$","M","M"],"build_version":"2019-01-23","purchased_purges":3,"victory":false,"max_hp_per_floor":[71,71,71,71,71,71,71,71,71,71,71,71,71,71,71,71,71,71,71,71,76,76,76,81,81,81,81,81,81,81,81,81,81,81,81,81,81,81],"card_choices":[{"not_picked":["Rebound","Sweeping Beam"],"picked":"Cold Snap","floor":1},{"not_picked":["Conserve Battery","Storm"],"picked":"Defragment","floor":2},{"not_picked":["Beam Cell","Lockon"],"picked":"Sweeping Beam","floor":5},{"not_picked":["Stack","Double Energy"],"picked":"Coolheaded","floor":7},{"not_picked":["Chaos","Rebound"],"picked":"Darkness","floor":12},{"not_picked":["Meteor Strike","Rebound","Cold Snap"],"picked":"SKIP","floor":13},{"not_picked":["Hologram","Rebound","Chill"],"picked":"SKIP","floor":14},{"not_picked":["Amplify","All For One"],"picked":"Electrodynamics","floor":16},{"not_picked":["Compile Driver","Stack","Chill"],"picked":"SKIP","floor":18},{"not_picked":["Coolheaded","Chaos","Skim"],"picked":"SKIP","floor":24},{"not_picked":["Fusion+1","Storm"],"picked":"Conserve Battery","floor":27},{"not_picked":["Fusion","Coolheaded","Melter"],"picked":"SKIP","floor":28},{"not_picked":["Ball Lightning","Doom and Gloom"],"picked":"Conserve Battery","floor":29},{"not_picked":["Heatsinks","Gash","Sunder+1"],"picked":"SKIP","floor":31},{"not_picked":["Hyperbeam","Core Surge"],"picked":"Machine Learning","floor":33},{"not_picked":["Conserve Battery","Sweeping Beam","Beam Cell"],"picked":"SKIP","floor":35},{"not_picked":["Redo","Compile Driver","Streamline+1"],"picked":"SKIP","floor":37}],"player_experience":1434281,"relics_obtained":[{"floor":9,"key":"Pantograph"},{"floor":12,"key":"DataDisk"},{"floor":14,"key":"Shovel"},{"floor":15,"key":"Sundial"},{"floor":20,"key":"Nilry\u0027s Codex"},{"floor":24,"key":"Blue Candle"},{"floor":26,"key":"Smiling Mask"}],"event_choices":[{"damage_healed":0,"gold_gain":0,"player_choice":"Entered Light","damage_taken":21,"max_hp_gain":0,"max_hp_loss":0,"event_name":"Shining Light","floor":4,"gold_loss":0,"cards_upgraded":["Dualcast","Defend_B"]},{"cards_removed":["Strike_B"],"damage_healed":0,"gold_gain":0,"player_choice":"Offered Basic","damage_taken":0,"max_hp_gain":0,"max_hp_loss":0,"event_name":"Bonfire Elementals","floor":10,"gold_loss":0},{"damage_healed":0,"gold_gain":0,"player_choice":"Obtained Book","damage_taken":21,"max_hp_gain":0,"max_hp_loss":0,"event_name":"Cursed Tome","floor":20,"gold_loss":0},{"damage_healed":0,"gold_gain":0,"player_choice":"Shed Blood","damage_taken":25,"max_hp_gain":5,"max_hp_loss":0,"event_name":"Forgotten Altar","floor":21,"gold_loss":0},{"damage_healed":0,"gold_gain":0,"player_choice":"Ignored","damage_taken":0,"max_hp_gain":0,"max_hp_loss":0,"event_name":"Ghosts","floor":22,"gold_loss":0}],"is_beta":false,"boss_relics":[{"not_picked":["Busted Crown","Orrery"],"picked":"Astrolabe"},{"not_picked":["Snecko Eye","White Beast Statue"],"picked":"Sozu"}],"items_purged_floors":[3,19,36],"is_endless":false,"potions_floor_spawned":[2,7,13,18,24,29],"killed_by":"Jaw Worm Horde","ascension_level":20}