{"gold_per_floor":[11,11,27,45,65,65,85,102,102,102],"floor_reached":10,"playtime":672,"items_purged":[],"score":124,"play_id":"18b09b79-287e-4b0f-b1d6-eb1d7bdf5d43","local_time":"20190522002830","is_ascension_mode":true,"campfire_choices":[{"data":"Electrodynamics","floor":6,"key":"SMITH"}],"neow_cost":"NO_GOLD","seed_source_timestamp":169776331208351,"circlet_count":0,"master_deck":["AscendersBane","Strike_B","Strike_B","Strike_B","Strike_B","Defend_B","Defend_B","Defend_B","Defend_B","Zap","Dualcast","Electrodynamics+1","Sweeping Beam","Conserve Battery","Storm","Hologram","Leap","Ball Lightning"],"relics":["Cracked Core","GremlinMask","Meat on the Bone"],"potions_floor_usage":[10],"damage_taken":[{"damage":2,"enemies":"Jaw Worm","floor":1,"turns":3},{"damage":1,"enemies":"Cultist","floor":3,"turns":3},{"damage":0,"enemies":"Small Slimes","floor":4,"turns":2},{"damage":7,"enemies":"Blue Slaver","floor":5,"turns":5},{"damage":8,"enemies":"Large Slime","floor":7,"turns":5},{"damage":1,"enemies":"Red Slaver","floor":8,"turns":4},{"damage":66,"enemies":"Gremlin Nob","floor":10,"turns":4}],"seed_played":"-8819730743081395278","potions_obtained":[{"floor":4,"key":"LiquidBronze"},{"floor":8,"key":"FearPotion"}],"is_trial":false,"path_per_floor":["M","?","M","M","M","R","M","M","T","E"],"character_chosen":"DEFECT","items_purchased":[],"campfire_rested":0,"item_purchase_floors":[],"current_hp_per_floor":[62,62,61,61,54,54,46,45,45,0],"gold":102,"neow_bonus":"THREE_RARE_CARDS","is_prod":false,"is_daily":false,"chose_seed":false,"campfire_upgraded":1,"win_rate":0,"timestamp":1558481310,"path_taken":["M","?","?","M","M","R","M","M","T","E"],"build_version":"2019-01-23","purchased_purges":0,"victory":false,"max_hp_per_floor":[71,71,71,71,71,71,71,71,71,71],"card_choices":[{"not_picked":["Thunder Strike","Meteor Strike"],"picked":"Electrodynamics","floor":0},{"not_picked":["Steam","Force Field"],"picked":"Sweeping Beam","floor":1},{"not_picked":["Scrape","Compile Driver"],"picked":"Conserve Battery","floor":3},{"not_picked":["Chill","Gash"],"picked":"Storm","floor":4},{"not_picked":["Steam Power","Compile Driver"],"picked":"Hologram","floor":5},{"not_picked":["Steam Power","Gash"],"picked":"Leap","floor":7},{"not_picked":["Creative AI","Barrage"],"picked":"Ball Lightning","floor":8}],"player_experience":1424418,"relics_obtained":[{"floor":9,"key":"Meat on the Bone"}],"event_choices":[{"damage_healed":0,"gold_gain":0,"player_choice":"Trade","damage_taken":0,"relics_obtained":["GremlinMask"],"max_hp_gain":0,"max_hp_loss":0,"event_name":"FaceTrader","floor":2,"gold_loss":0}],"is_beta":false,"boss_relics":[],"items_purged_floors":[],"is_endless":false,"potions_floor_spawned":[4,8],"killed_by":"Gremlin Nob","ascension_level":20}