{"gold_per_floor":[114,114,127,127,146,146,176,176,222,222,257,257,273,292,292,364,364,378,17,27,27,44,44],"floor_reached":23,"playtime":1180,"items_purged":["Strike_B"],"score":502,"play_id":"df76efe2-6fc1-44d2-a5e9-0550aad713b5","local_time":"20190525170036","is_ascension_mode":true,"campfire_choices":[{"data":"Hyperbeam","floor":6.0,"key":"SMITH"},{"data":"Static Discharge","floor":8.0,"key":"SMITH"},{"floor":12.0,"key":"REST"},{"floor":15.0,"key":"REST"}],"neow_cost":"NONE","seed_source_timestamp":0,"circlet_count":0,"master_deck":["AscendersBane","Strike_B","Strike_B","Defend_B","Defend_B","Defend_B","Defend_B","Zap","Dualcast","Hyperbeam+1","Undo","Glacier","White Noise","Static Discharge+1","Echo Form","Ball Lightning","Ball Lightning","Machine Learning","Leap","Defragment","Conserve Battery+1"],"special_seed":0,"relics":["Cracked Core","Juzu Bracelet","Ancient Tea Set","Pear","Fusion Hammer","Runic Capacitor","Mummified Hand"],"potions_floor_usage":[23],"damage_taken":[{"damage":2.0,"enemies":"2 Louse","floor":1.0,"turns":2.0},{"damage":0.0,"enemies":"Cultist","floor":3.0,"turns":3.0},{"damage":0.0,"enemies":"Small Slimes","floor":5.0,"turns":2.0},{"damage":23.0,"enemies":"Lagavulin","floor":7.0,"turns":9.0},{"damage":32.0,"enemies":"Gremlin Nob","floor":11.0,"turns":4.0},{"damage":7.0,"enemies":"Exordium Wildlife","floor":13.0,"turns":2.0},{"damage":16.0,"enemies":"Blue Slaver","floor":14.0,"turns":3.0},{"damage":0.0,"enemies":"Slime Boss","floor":16.0,"turns":6.0},{"damage":18,"enemies":"Spheric Guardian","floor":18,"turns":4},{"damage":13,"enemies":"2 Thieves","floor":20,"turns":3},{"damage":17,"enemies":"Sentry and Sphere","floor":22,"turns":4},{"damage":29,"enemies":"Slavers","floor":23,"turns":3}],"seed_played":"8752764643997733065","potions_obtained":[{"floor":1.0,"key":"EssenceOfSteel"},{"floor":3.0,"key":"PowerPotion"},{"floor":20,"key":"FearPotion"},{"floor":22,"key":"Energy Potion"}],"is_trial":false,"path_per_floor":["M","?","M","?","M","R","E","R","T","?","E","R","M","M","R","B",null,"M","$","M","?","M","E"],"character_chosen":"DEFECT","items_purchased":["Runic Capacitor","Defragment"],"campfire_rested":2,"item_purchase_floors":[19,19],"current_hp_per_floor":[62,67,67,67,67,67,44,44,44,44,22,47,40,24,49,49,77,59,59,46,46,29,0],"gold":44,"neow_bonus":"ONE_RANDOM_RARE_CARD","is_prod":false,"is_daily":false,"chose_seed":false,"campfire_upgraded":2,"win_rate":0,"timestamp":1558800036,"path_taken":["M","?","M","?","?","R","E","R","T","?","E","R","M","M","R","BOSS","M","?","M","?","M","E"],"build_version":"2019-01-23","purchased_purges":1,"victory":false,"max_hp_per_floor":[71,76,76,76,76,76,76,76,76,76,86,86,86,86,86,86,86,86,86,86,86,86,86],"card_choices":[{"not_picked":["Streamline","Stack"],"picked":"Undo","floor":1.0},{"not_picked":["Auto Shields","Turbo"],"picked":"Glacier","floor":3.0},{"not_picked":["Rebound","Steam Power"],"picked":"Static Discharge","floor":5.0},{"not_picked":["Self Repair","Ball Lightning"],"picked":"Echo Form","floor":7.0},{"not_picked":["Gash","Coolheaded"],"picked":"Ball Lightning","floor":11.0},{"not_picked":["Go for the Eyes","Blizzard"],"picked":"Ball Lightning","floor":13.0},{"not_picked":["Barrage","Loop","Gash"],"picked":"SKIP","floor":14.0},{"not_picked":["Reboot","All For One"],"picked":"Machine Learning","floor":16.0},{"not_picked":["Steam","Cold Snap"],"picked":"Leap","floor":18},{"not_picked":["Stack","Conserve Battery","Hologram"],"picked":"SKIP","floor":20},{"not_picked":["Gash","Machine Learning"],"picked":"Conserve Battery+1","floor":22}],"player_experience":1456607,"relics_obtained":[{"floor":7.0,"key":"Juzu Bracelet"},{"floor":9.0,"key":"Ancient Tea Set"},{"floor":11.0,"key":"Pear"}],"event_choices":[{"damage_healed":0.0,"max_hp_gain":5.0,"max_hp_loss":0.0,"gold_gain":0.0,"event_name":"Big Fish","player_choice":"Donut","floor":2.0,"gold_loss":0.0,"damage_taken":0.0},{"damage_healed":0.0,"max_hp_gain":0.0,"max_hp_loss":0.0,"gold_gain":0.0,"cards_transformed":["Strike_B"],"event_name":"Transmorgrifier","player_choice":"Transformed","floor":4.0,"gold_loss":0.0,"damage_taken":0.0,"cards_obtained":["White Noise"]},{"damage_healed":0.0,"max_hp_gain":0.0,"max_hp_loss":0.0,"gold_gain":0.0,"event_name":"Match and Keep!","player_choice":"0 cards matched","floor":10.0,"gold_loss":0.0,"damage_taken":0.0,"cards_obtained":[]},{"damage_healed":0,"gold_gain":0,"player_choice":"Gave Potion","damage_taken":0,"relics_obtained":["Mummified Hand"],"max_hp_gain":0,"max_hp_loss":0,"event_name":"WeMeetAgain","floor":21,"gold_loss":0}],"is_beta":false,"boss_relics":[{"not_picked":["Empty Cage","Lizard Tail"],"picked":"Fusion Hammer"}],"items_purged_floors":[19],"is_endless":false,"potions_floor_spawned":[1,3,7,11,20,22],"killed_by":"Slavers","ascension_level":20}