{"gold_per_floor":[115,115,131,14,30,30,57,57,57,57,86,86,148,163,163,235,235,252,252,262,272,289,314,314,339,419,436,436,14,14,34,34,108,108,123,134,134,134,78,108,108,108,108,120,120,134,134,145,145,145,145,145,145,20,46,46],"floor_reached":56,"playtime":5848,"items_purged":["Strike_B","Strike_B","Strike_B"],"score":1800,"play_id":"928f144e-2c38-4826-b718-5124e43c6e1b","local_time":"20190526153256","is_ascension_mode":true,"campfire_choices":[{"data":"Static Discharge","floor":6.0,"key":"SMITH"},{"data":"Thunder Strike","floor":8.0,"key":"SMITH"},{"data":"Compile Driver","floor":10.0,"key":"SMITH"},{"data":"Consume","floor":12.0,"key":"SMITH"},{"data":"Leap","floor":15.0,"key":"SMITH"},{"floor":24.0,"key":"REST"},{"floor":28.0,"key":"REST"},{"data":"Defragment","floor":30.0,"key":"SMITH"},{"data":"Electrodynamics","floor":32.0,"key":"SMITH"},{"floor":47.0,"key":"RECALL"},{"floor":49.0,"key":"REST"},{"data":"Hologram","floor":53.0,"key":"SMITH"}],"neow_cost":"NONE","seed_source_timestamp":47850971532384,"circlet_count":0,"master_deck":["AscendersBane","Strike_B+1","Defend_B","Defend_B","Defend_B","Zap+1","Dualcast","Compile Driver+1","Glacier","Static Discharge+1","Leap+1","Thunder Strike+1","Consume+1","FTL","Electrodynamics+1","Hologram+1","Leap+1","Compile Driver","Echo Form","Ball Lightning+1","Defragment+1","Rainbow+1","Leap+1","Fission+1","Compile Driver"],"special_seed":0,"relics":["Cracked Core","Meat on the Bone","DataDisk","Cables","Inserter","Nloth\u0027s Gift","Happy Flower","Bottled Lightning","Gremlin Horn","Toxic Egg 2","Snecko Eye","Art of War","Mummified Hand","Whetstone"],"potions_floor_usage":[56,56],"damage_taken":[{"damage":10.0,"enemies":"Small Slimes","floor":1.0,"turns":4.0},{"damage":6.0,"enemies":"2 Louse","floor":3.0,"turns":2.0},{"damage":0.0,"enemies":"Cultist","floor":5.0,"turns":4.0},{"damage":19.0,"enemies":"Lagavulin","floor":7.0,"turns":8.0},{"damage":24.0,"enemies":"3 Sentries","floor":11.0,"turns":9.0},{"damage":20.0,"enemies":"Lagavulin Event","floor":13.0,"turns":4.0},{"damage":8.0,"enemies":"Large Slime","floor":14.0,"turns":4.0},{"damage":11.0,"enemies":"The Guardian","floor":16.0,"turns":11.0},{"damage":16.0,"enemies":"Shell Parasite","floor":18.0,"turns":6.0},{"damage":0.0,"enemies":"Chosen","floor":20.0,"turns":5.0},{"damage":15.0,"enemies":"Snake Plant","floor":21.0,"turns":3.0},{"damage":0.0,"enemies":"Centurion and Healer","floor":22.0,"turns":7.0},{"damage":18.0,"enemies":"Slavers","floor":23.0,"turns":3.0},{"damage":48.0,"enemies":"Gremlin Leader","floor":25.0,"turns":3.0},{"damage":14.0,"enemies":"Chosen and Byrds","floor":27.0,"turns":4.0},{"damage":7.0,"enemies":"Snake Plant","floor":31.0,"turns":4.0},{"damage":47.0,"enemies":"Automaton","floor":33.0,"turns":7.0},{"damage":0.0,"enemies":"3 Shapes","floor":35.0,"turns":4.0},{"damage":32.0,"enemies":"3 Darklings","floor":36.0,"turns":3.0},{"damage":21.0,"enemies":"Giant Head","floor":40.0,"turns":7.0},{"damage":0.0,"enemies":"Maw","floor":44.0,"turns":6.0},{"damage":0.0,"enemies":"Sphere and 2 Shapes","floor":46.0,"turns":3.0},{"damage":0.0,"enemies":"Writhing Mass","floor":48.0,"turns":6.0},{"damage":8.0,"enemies":"Awakened One","floor":50.0,"turns":8.0},{"damage":18.0,"enemies":"Time Eater","floor":51.0,"turns":10.0},{"damage":13.0,"enemies":"Shield and Spear","floor":55.0,"turns":3.0},{"damage":61,"enemies":"The Heart","floor":56,"turns":8}],"seed_played":"-2868333442440600306","potions_obtained":[{"floor":1.0,"key":"SteroidPotion"},{"floor":5.0,"key":"Regen Potion"},{"floor":13.0,"key":"SpeedPotion"},{"floor":18.0,"key":"EntropicBrew"},{"floor":23.0,"key":"Dexterity Potion"},{"floor":27.0,"key":"Regen Potion"},{"floor":33.0,"key":"LiquidBronze"},{"floor":36.0,"key":"LiquidBronze"}],"is_trial":false,"path_per_floor":["M","?","M","$","M","R","E","R","T","R","E","R","?","M","R","B",null,"M","?","M","M","M","E","R","E","T","M","R","$","R","M","R","B",null,"M","M","?","T","$","E","?","?","T","M","$","M","R","M","R","B","B",null,"R","$","E","B"],"character_chosen":"DEFECT","items_purchased":["Static Discharge","Toxic Egg 2","Defragment","Leap+1"],"campfire_rested":3,"item_purchase_floors":[4,29,29,39],"current_hp_per_floor":[61,61,55,55,55,55,51,51,58,58,46,46,38,42,42,43,75,59,59,59,44,44,38,63,27,27,25,50,50,50,43,43,23,70,70,50,50,50,50,41,41,41,41,41,41,41,41,41,65,57,51,74,74,74,61,0],"gold":46,"neow_bonus":"TEN_PERCENT_HP_BONUS","is_prod":false,"is_daily":false,"chose_seed":false,"campfire_upgraded":8,"win_rate":0,"timestamp":1558881176,"path_taken":["M","?","M","$","M","R","E","R","T","R","E","R","?","M","R","BOSS","M","?","M","M","M","E","R","E","T","?","R","$","R","M","R","BOSS","M","M","?","?","$","E","?","?","T","?","?","M","R","M","R","BOSS","BOSS","R","$","E","BOSS"],"build_version":"2019-01-23","purchased_purges":3,"victory":false,"max_hp_per_floor":[78,78,78,78,78,78,78,78,85,85,85,85,85,85,85,85,85,85,85,85,85,85,85,85,85,85,85,85,85,85,85,85,85,85,85,85,81,81,81,81,81,81,81,81,81,81,81,81,81,81,81,81,81,81,81,81],"card_choices":[{"not_picked":["Heatsinks","Conserve Battery"],"picked":"Compile Driver","floor":1.0},{"not_picked":["Turbo","Aggregate"],"picked":"Glacier","floor":3.0},{"not_picked":["Redo","Barrage"],"picked":"Leap","floor":5.0},{"not_picked":["Stack","Steam"],"picked":"Thunder Strike","floor":7.0},{"not_picked":["Recycle","Steam Power"],"picked":"Consume","floor":11.0},{"not_picked":["Force Field","Tempest"],"picked":"FTL","floor":14.0},{"not_picked":["Biased Cognition","Thunder Strike"],"picked":"Electrodynamics","floor":16.0},{"not_picked":["Redo+1","Consume+1","Barrage"],"picked":"SKIP","floor":18.0},{"not_picked":["Gash","Compile Driver"],"picked":"Hologram","floor":20.0},{"not_picked":["Redo","Chaos"],"picked":"Leap+1","floor":21.0},{"not_picked":["Gash+1","Consume"],"picked":"Compile Driver","floor":22.0},{"not_picked":["Melter+1","Gash"],"picked":"Echo Form","floor":23.0},{"not_picked":["FTL","Go for the Eyes"],"picked":"Ball Lightning","floor":25.0},{"not_picked":["Rip and Tear","Sweeping Beam","Hologram"],"picked":"SKIP","floor":27.0},{"not_picked":["Ball Lightning","Rebound","Double Energy+1"],"picked":"SKIP","floor":31.0},{"not_picked":["Stack+1","Recycle+1"],"picked":"Rainbow+1","floor":35.0},{"not_picked":["Rebound","Ball Lightning","Aggregate+1"],"picked":"SKIP","floor":36.0},{"not_picked":["Go for the Eyes","Beam Cell"],"picked":"Fission+1","floor":40.0},{"not_picked":["Gash","Barrage","Steam+1"],"picked":"SKIP","floor":44.0},{"not_picked":["Genetic Algorithm+1","Turbo+1","Stack+1"],"picked":"SKIP","floor":46.0},{"not_picked":["Multi-Cast+1","Stack+1","Steam+1"],"picked":"SKIP","floor":48.0},{"not_picked":["Fusion+1","Rebound"],"picked":"Compile Driver","floor":55.0}],"player_experience":1470768,"relics_obtained":[{"floor":7.0,"key":"Meat on the Bone"},{"floor":9.0,"key":"Strawberry"},{"floor":11.0,"key":"DataDisk"},{"floor":13.0,"key":"Cables"},{"floor":23.0,"key":"Happy Flower"},{"floor":25.0,"key":"Bottled Lightning"},{"floor":26.0,"key":"Gremlin Horn"},{"floor":40.0,"key":"Art of War"},{"floor":43.0,"key":"Mummified Hand"},{"floor":55.0,"key":"Whetstone"}],"event_choices":[{"damage_healed":0.0,"max_hp_gain":0.0,"max_hp_loss":0.0,"gold_gain":0.0,"event_name":"Living Wall","player_choice":"Grow","floor":2.0,"gold_loss":0.0,"damage_taken":0.0,"cards_upgraded":["Zap"]},{"damage_healed":0.0,"max_hp_gain":0.0,"max_hp_loss":0.0,"gold_gain":0.0,"event_name":"Dead Adventurer","player_choice":"Searched \u00271\u0027 times","floor":13.0,"gold_loss":0.0,"damage_taken":0.0},{"damage_healed":0.0,"max_hp_gain":0.0,"max_hp_loss":0.0,"gold_gain":0.0,"event_name":"N\u0027loth","player_choice":"Traded Relic","floor":19.0,"relics_lost":["Strawberry"],"gold_loss":0.0,"damage_taken":0.0,"relics_obtained":["Nloth\u0027s Gift"]},{"damage_healed":0.0,"max_hp_gain":0.0,"max_hp_loss":4.0,"gold_gain":0.0,"event_name":"Winding Halls","player_choice":"Max HP","floor":37.0,"gold_loss":0.0,"damage_taken":0.0},{"damage_healed":0.0,"max_hp_gain":0.0,"max_hp_loss":0.0,"gold_gain":0.0,"event_name":"Mysterious Sphere","player_choice":"Ignored","floor":41.0,"gold_loss":0.0,"damage_taken":0.0},{"cards_removed":["Defend_B"],"damage_healed":0.0,"max_hp_gain":0.0,"max_hp_loss":0.0,"gold_gain":0.0,"event_name":"Falling","player_choice":"Removed Skill","floor":42.0,"gold_loss":0.0,"damage_taken":0.0}],"is_beta":false,"boss_relics":[{"not_picked":["Eternal Feather","White Beast Statue"],"picked":"Inserter"},{"not_picked":["Tiny House","Coffee Dripper"],"picked":"Snecko Eye"}],"items_purged_floors":[4,29,54],"is_endless":false,"potions_floor_spawned":[1,5,13,14,18,21,23,27,31,33,36,40,44,48,55],"killed_by":"The Heart","ascension_level":20}