{"gold_per_floor":[119,119,119,1,1,1,15,15,62,95,113,113,130,164,164,236,236,247,261,261,261,261,287,287,319,319,319,334,361,377,394,394,466,466,484,484,495,509,509,541,552,552,552,581,601,601,632,652,652,652,652,652,652,14,41,41],"floor_reached":56,"playtime":4275,"items_purged":["Strike_B"],"score":2035,"play_id":"578a9a7b-ee13-4ab1-b59c-456acabfe1e0","local_time":"20190526131221","is_ascension_mode":true,"campfire_choices":[{"data":"Defragment","floor":6,"key":"SMITH"},{"data":"Reinforced Body","floor":8,"key":"SMITH"},{"data":"Buffer","floor":12,"key":"SMITH"},{"data":"Ball Lightning","floor":15,"key":"SMITH"},{"data":"Electrodynamics","floor":24,"key":"SMITH"},{"floor":27,"key":"REST"},{"floor":32,"key":"REST"},{"data":"Defragment","floor":42,"key":"SMITH"},{"floor":46,"key":"RECALL"},{"floor":49,"key":"REST"},{"data":"Biased Cognition","floor":53,"key":"SMITH"}],"neow_cost":"NONE","seed_source_timestamp":41714317538122,"circlet_count":0,"master_deck":["AscendersBane","Defend_B","Defend_B","Defend_B","Defend_B+1","Zap+1","Dualcast+1","Ball Lightning+1","Defragment+1","Reinforced Body+1","Buffer+1","Ball Lightning","Conserve Battery","Electrodynamics+1","Darkness","Coolheaded","Biased Cognition+1","Cold Snap","Defragment+1","Leap","Thunder Strike","Capacitor+1","Defragment+1","Parasite","Consume+1","Reinforced Body+1","Undo"],"relics":["Cracked Core","Bag of Marbles","Thread and Needle","Singing Bowl","Nuclear Battery","Bird Faced Urn","Happy Flower","DataDisk","Ornamental Fan","Cursed Key","Bottled Lightning","Emotion Chip","Turnip","Letter Opener","War Paint","Centennial Puzzle"],"potions_floor_usage":[14,23,23,29,29,29,29,33,33,40,50,51,55,55],"damage_taken":[{"damage":7,"enemies":"Jaw Worm","floor":1,"turns":5},{"damage":0,"enemies":"Small Slimes","floor":7,"turns":3},{"damage":4,"enemies":"Lagavulin","floor":10,"turns":4},{"damage":0,"enemies":"Cultist","floor":11,"turns":3},{"damage":5,"enemies":"Exordium Thugs","floor":13,"turns":4},{"damage":8,"enemies":"3 Sentries","floor":14,"turns":6},{"damage":45,"enemies":"Hexaghost","floor":16,"turns":9},{"damage":0,"enemies":"Chosen","floor":18,"turns":4},{"damage":0,"enemies":"2 Thieves","floor":19,"turns":4},{"damage":17,"enemies":"Gremlin Leader","floor":23,"turns":5},{"damage":46,"enemies":"Book of Stabbing","floor":25,"turns":6},{"damage":0,"enemies":"Centurion and Healer","floor":28,"turns":4},{"damage":13,"enemies":"Slavers","floor":29,"turns":3},{"damage":22,"enemies":"Shelled Parasite and Fungi","floor":30,"turns":3},{"damage":0,"enemies":"3 Cultists","floor":31,"turns":2},{"damage":50,"enemies":"Champ","floor":33,"turns":13},{"damage":20,"enemies":"3 Darklings","floor":35,"turns":4},{"damage":7,"enemies":"Orb Walker","floor":37,"turns":2},{"damage":8,"enemies":"Sphere and 2 Shapes","floor":38,"turns":3},{"damage":3,"enemies":"Nemesis","floor":40,"turns":7},{"damage":6,"enemies":"4 Shapes","floor":41,"turns":4},{"damage":17,"enemies":"Giant Head","floor":44,"turns":7},{"damage":11,"enemies":"Spire Growth","floor":45,"turns":5},{"damage":28,"enemies":"Nemesis","floor":47,"turns":7},{"damage":14,"enemies":"3 Darklings","floor":48,"turns":3},{"damage":15,"enemies":"Donu and Deca","floor":50,"turns":6},{"damage":34,"enemies":"Time Eater","floor":51,"turns":9},{"damage":59,"enemies":"Shield and Spear","floor":55,"turns":6},{"damage":54,"enemies":"The Heart","floor":56,"turns":8}],"seed_played":"-1905227472178277219","potions_obtained":[{"floor":1,"key":"Energy Potion"},{"floor":11,"key":"Regen Potion"},{"floor":14,"key":"Fire Potion"},{"floor":25,"key":"EntropicBrew"},{"floor":28,"key":"SpeedPotion"},{"floor":29,"key":"FearPotion"},{"floor":30,"key":"PowerPotion"},{"floor":35,"key":"AttackPotion"},{"floor":41,"key":"PowerPotion"},{"floor":45,"key":"Fire Potion"},{"floor":47,"key":"PowerPotion"}],"is_trial":false,"path_per_floor":["M","?","?","$","?","R","M","R","T","E","M","R","M","E","R","B",null,"M","M","?","?","?","E","R","E","T","R","M","E","M","M","R","B",null,"M","?","M","M","?","E","M","R","T","E","M","R","E","M","R","B","B",null,"R","$","E","B"],"character_chosen":"DEFECT","items_purchased":["Defragment","Reinforced Body","Letter Opener","War Paint","SkillPotion","SkillPotion"],"campfire_rested":3,"item_purchase_floors":[4,4,54,54,54,54],"current_hp_per_floor":[64,64,57,57,78,78,78,78,78,74,74,74,69,78,78,33,68,70,70,70,70,70,55,55,19,19,44,52,54,42,50,76,38,76,66,66,69,67,67,78,80,80,80,75,80,80,64,58,85,76,60,83,83,83,40,0],"gold":41,"neow_bonus":"TEN_PERCENT_HP_BONUS","is_prod":false,"is_daily":false,"chose_seed":false,"campfire_upgraded":7,"win_rate":0,"timestamp":1558872741,"path_taken":["M","?","?","$","?","R","M","R","T","E","?","R","M","E","R","BOSS","M","M","?","?","?","E","R","E","T","R","M","E","?","M","R","BOSS","M","?","M","M","?","E","M","R","T","E","M","R","E","?","R","BOSS","BOSS","R","$","E","BOSS"],"build_version":"2019-01-23","purchased_purges":1,"victory":false,"max_hp_per_floor":[78,78,78,78,78,78,78,78,78,78,78,78,78,80,80,80,80,82,82,82,82,82,84,84,86,86,86,86,86,86,88,88,88,88,90,85,87,87,87,89,89,89,89,89,91,91,91,91,91,91,91,91,91,91,93,93],"card_choices":[{"not_picked":["Capacitor","Rebound"],"picked":"Ball Lightning","floor":1},{"not_picked":["Beam Cell","Redo","Streamline"],"picked":"SKIP","floor":7},{"not_picked":["Stack","Rebound"],"picked":"Buffer","floor":10},{"not_picked":["Static Discharge","Streamline"],"picked":"Ball Lightning","floor":11},{"not_picked":["Recycle","Reprogram"],"picked":"Conserve Battery","floor":13},{"not_picked":["Conserve Battery","Reboot","Aggregate"],"picked":"Singing Bowl","floor":14},{"not_picked":["Core Surge","Biased Cognition"],"picked":"Electrodynamics","floor":16},{"not_picked":["Gash","Streamline","Conserve Battery"],"picked":"Singing Bowl","floor":18},{"not_picked":["Doom and Gloom","Beam Cell"],"picked":"Darkness","floor":19},{"not_picked":["Reinforced Body","Hologram","Rebound+1"],"picked":"Singing Bowl","floor":23},{"not_picked":["Auto Shields","Sunder","Reboot"],"picked":"Singing Bowl","floor":25},{"not_picked":["Sweeping Beam","Gash"],"picked":"Cold Snap","floor":28},{"not_picked":["All For One","Go for the Eyes"],"picked":"Defragment+1","floor":29},{"not_picked":["Sunder","Conserve Battery"],"picked":"Leap","floor":30},{"not_picked":["Go for the Eyes","Tempest","Streamline"],"picked":"Singing Bowl","floor":31},{"not_picked":["Rainbow","Core Surge"],"picked":"Thunder Strike","floor":33},{"not_picked":["Rebound","Beam Cell","Ball Lightning"],"picked":"Singing Bowl","floor":35},{"not_picked":["Cold Snap+1","Auto Shields","Ball Lightning+1"],"picked":"Singing Bowl","floor":37},{"not_picked":["Steam","Beam Cell"],"picked":"Capacitor","floor":38},{"not_picked":["Turbo","Sunder","Blizzard"],"picked":"Singing Bowl","floor":40},{"not_picked":["Sweeping Beam","Stack"],"picked":"Defragment","floor":41},{"not_picked":["Steam","Heatsinks+1"],"picked":"Consume+1","floor":44},{"not_picked":["Meteor Strike","Steam","BootSequence"],"picked":"Singing Bowl","floor":45},{"not_picked":["Lockon","Hologram"],"picked":"Reinforced Body+1","floor":47},{"not_picked":["Gash","Beam Cell"],"picked":"Undo","floor":48},{"not_picked":["Chill","Beam Cell","Loop"],"picked":"Singing Bowl","floor":55}],"player_experience":1466493,"relics_obtained":[{"floor":9,"key":"Bag of Marbles"},{"floor":10,"key":"Thread and Needle"},{"floor":14,"key":"Singing Bowl"},{"floor":23,"key":"Bird Faced Urn"},{"floor":25,"key":"Happy Flower"},{"floor":26,"key":"DataDisk"},{"floor":29,"key":"Ornamental Fan"},{"floor":40,"key":"Bottled Lightning"},{"floor":44,"key":"Emotion Chip"},{"floor":47,"key":"Turnip"},{"floor":55,"key":"Centennial Puzzle"}],"event_choices":[{"damage_healed":0,"gold_gain":0,"player_choice":"Grow","damage_taken":0,"max_hp_gain":0,"max_hp_loss":0,"event_name":"Living Wall","floor":2,"gold_loss":0,"cards_upgraded":["Zap"]},{"cards_removed":["Strike_B"],"damage_healed":0,"gold_gain":0,"player_choice":"Card Removal","damage_taken":7,"max_hp_gain":0,"max_hp_loss":0,"event_name":"Golden Wing","floor":3,"gold_loss":0},{"damage_healed":21,"gold_gain":0,"player_choice":"Full Heal","damage_taken":0,"max_hp_gain":0,"max_hp_loss":0,"event_name":"Wheel of Change","floor":5,"gold_loss":0},{"damage_healed":0,"gold_gain":0,"cards_transformed":["Strike_B","Strike_B"],"player_choice":"Became Test Subject","damage_taken":0,"max_hp_gain":0,"max_hp_loss":0,"event_name":"Drug Dealer","floor":20,"gold_loss":0,"cards_obtained":["Coolheaded","Biased Cognition"]},{"damage_healed":0,"gold_gain":0,"player_choice":"Ignored","damage_taken":0,"max_hp_gain":0,"max_hp_loss":0,"event_name":"Vampires","floor":21,"gold_loss":0},{"damage_healed":0,"gold_gain":0,"player_choice":"Leave","damage_taken":0,"max_hp_gain":0,"max_hp_loss":0,"event_name":"FaceTrader","floor":22,"gold_loss":0},{"damage_healed":0,"gold_gain":0,"player_choice":"Max HP","damage_taken":0,"max_hp_gain":0,"max_hp_loss":5,"event_name":"Winding Halls","floor":36,"gold_loss":0},{"damage_healed":0,"gold_gain":0,"player_choice":"Forge","damage_taken":0,"max_hp_gain":0,"max_hp_loss":0,"event_name":"Accursed Blacksmith","floor":39,"gold_loss":0,"cards_upgraded":["Capacitor"]}],"is_beta":false,"boss_relics":[{"not_picked":["Calling Bell","Snecko Eye"],"picked":"Nuclear Battery"},{"not_picked":["Tiny House","Lizard Tail"],"picked":"Cursed Key"}],"items_purged_floors":[54],"is_endless":false,"potions_floor_spawned":[1,11,14,25,28,29,30,31,35,41,45,47],"killed_by":"The Heart","ascension_level":20}