{"gold_per_floor":[117,128,128,128,140,170,170,201,247,274,290,290,309,335,335,409,409,426,27,41,41,54,54,74,101,101,101,128,138,138,158,158,232,232,249,268,268,282,293,293,323,337,383,81,100,100,131,141,141,141,141,141,141,26,53,53],"floor_reached":57,"playtime":5347,"items_purged":["Strike_B","Defend_B"],"score":2802,"play_id":"e18dff95-4afa-4fbc-8df8-fde40101aaae","local_time":"20190527232835","is_ascension_mode":true,"campfire_choices":[{"floor":7.0,"key":"REST"},{"floor":12.0,"key":"REST"},{"data":"Sweeping Beam","floor":15.0,"key":"SMITH"},{"data":"Biased Cognition","floor":23.0,"key":"SMITH"},{"data":"Biased Cognition","floor":27.0,"key":"SMITH"},{"data":"Go for the Eyes","floor":32.0,"key":"SMITH"},{"data":"Self Repair","floor":40.0,"key":"SMITH"},{"floor":46.0,"key":"RECALL"},{"data":"Static Discharge","floor":49.0,"key":"SMITH"},{"data":"Compile Driver","floor":53.0,"key":"SMITH"}],"neow_cost":"NONE","seed_source_timestamp":163758526457800,"circlet_count":0,"master_deck":["AscendersBane","Strike_B","Strike_B","Defend_B","Defend_B","Defend_B","Zap+1","Dualcast","Compile Driver+1","Go for the Eyes+1","Biased Cognition+1","Biased Cognition+1","Self Repair+1","Cold Snap+1","Sweeping Beam+1","Reboot+1","Conserve Battery+1","Static Discharge+1","Hologram+1","Leap+1","Coolheaded+1","White Noise+1","Consume+1","Coolheaded+1","Reinforced Body+1","Apotheosis+1","Ball Lightning+1","Coolheaded+1","Defragment","White Noise+1","Hologram+1"],"special_seed":0,"relics":["Cracked Core","Cables","Orichalcum","Omamori","Vajra","Toxic Egg 2","Inserter","OrangePellets","Regal Pillow","Pen Nib","PreservedInsect","Art of War","Busted Crown","Thread and Needle","Bag of Preparation","Whetstone"],"potions_floor_usage":[56,56],"damage_taken":[{"damage":0.0,"enemies":"2 Louse","floor":1.0,"turns":2.0},{"damage":7.0,"enemies":"Small Slimes","floor":2.0,"turns":3.0},{"damage":7.0,"enemies":"Jaw Worm","floor":5.0,"turns":2.0},{"damage":45.0,"enemies":"3 Sentries","floor":6.0,"turns":9.0},{"damage":21.0,"enemies":"Lagavulin","floor":8.0,"turns":6.0},{"damage":3.0,"enemies":"Large Slime","floor":11.0,"turns":3.0},{"damage":3.0,"enemies":"3 Louse","floor":13.0,"turns":4.0},{"damage":0.0,"enemies":"3 Sentries","floor":14.0,"turns":2.0},{"damage":16.0,"enemies":"Hexaghost","floor":16.0,"turns":9.0},{"damage":19.0,"enemies":"Spheric Guardian","floor":18.0,"turns":4.0},{"damage":0.0,"enemies":"Chosen","floor":20.0,"turns":5.0},{"damage":0.0,"enemies":"Snecko","floor":22.0,"turns":4.0},{"damage":0.0,"enemies":"Centurion and Healer","floor":24.0,"turns":5.0},{"damage":12.0,"enemies":"Book of Stabbing","floor":25.0,"turns":4.0},{"damage":12.0,"enemies":"Slavers","floor":28.0,"turns":3.0},{"damage":0.0,"enemies":"Sentry and Sphere","floor":29.0,"turns":3.0},{"damage":1.0,"enemies":"3 Cultists","floor":31.0,"turns":5.0},{"damage":12.0,"enemies":"Champ","floor":33.0,"turns":9.0},{"damage":0.0,"enemies":"3 Shapes","floor":35.0,"turns":5.0},{"damage":3.0,"enemies":"Orb Walker","floor":36.0,"turns":3.0},{"damage":21.0,"enemies":"4 Shapes","floor":38.0,"turns":5.0},{"damage":0.0,"enemies":"Transient","floor":39.0,"turns":6.0},{"damage":0.0,"enemies":"Giant Head","floor":41.0,"turns":8.0},{"damage":0.0,"enemies":"Spire Growth","floor":42.0,"turns":4.0},{"damage":0.0,"enemies":"3 Darklings","floor":45.0,"turns":5.0},{"damage":0.0,"enemies":"Nemesis","floor":47.0,"turns":7.0},{"damage":0.0,"enemies":"Maw","floor":48.0,"turns":5.0},{"damage":1.0,"enemies":"Time Eater","floor":50.0,"turns":14.0},{"damage":6.0,"enemies":"Donu and Deca","floor":51.0,"turns":10.0},{"damage":23.0,"enemies":"Shield and Spear","floor":55.0,"turns":9.0},{"damage":45,"enemies":"The Heart","floor":56,"turns":13}],"seed_played":"6177169096394553433","potions_obtained":[{"floor":2.0,"key":"SpeedPotion"},{"floor":6.0,"key":"Dexterity Potion"},{"floor":8.0,"key":"PowerPotion"},{"floor":13.0,"key":"Poison Potion"},{"floor":16.0,"key":"Dexterity Potion"},{"floor":18.0,"key":"Poison Potion"},{"floor":20.0,"key":"LiquidBronze"},{"floor":25.0,"key":"Block Potion"},{"floor":28.0,"key":"Poison Potion"},{"floor":38.0,"key":"Poison Potion"},{"floor":41.0,"key":"Dexterity Potion"},{"floor":55.0,"key":"Explosive Potion"}],"is_trial":false,"path_per_floor":["M","M","?","?","M","E","R","E","T","T","M","R","M","E","R","B",null,"M","$","M","?","M","R","M","E","T","R","E","M","?","M","R","B",null,"M","M","?","M","M","R","E","M","T","$","M","R","E","M","R","B","B",null,"R","$","E","B",null],"character_chosen":"DEFECT","items_purchased":["OrangePellets","Static Discharge","Hologram+1","Apotheosis+1","Defragment","White Noise+1"],"campfire_rested":2,"item_purchase_floors":[19,19,19,44,54,54],"current_hp_per_floor":[71,64,64,64,57,12,35,14,14,14,11,34,38,38,38,29,66,54,54,61,61,68,68,75,63,63,63,51,58,58,64,64,59,73,78,78,78,57,64,64,74,78,78,78,78,78,78,78,78,78,78,78,78,78,75,40],"gold":53,"neow_bonus":"TEN_PERCENT_HP_BONUS","is_prod":false,"is_daily":false,"chose_seed":false,"campfire_upgraded":7,"win_rate":0,"timestamp":1558996115,"path_taken":["M","M","?","?","M","E","R","E","T","?","M","R","M","E","R","BOSS","M","$","M","?","M","R","M","E","T","R","E","M","?","M","R","BOSS","M","?","?","M","M","R","E","M","T","$","?","R","E","M","R","BOSS","BOSS","R","$","E","BOSS"],"build_version":"2019-01-23","purchased_purges":2,"victory":true,"max_hp_per_floor":[78,78,78,78,78,78,78,78,78,78,78,78,78,78,78,78,78,78,78,78,78,78,78,78,78,78,78,78,78,78,78,78,78,78,78,78,78,78,78,78,78,78,78,78,78,78,78,78,78,78,78,78,78,78,78,78],"card_choices":[{"not_picked":["Steam","Redo","Force Field"],"picked":"SKIP","floor":1.0},{"not_picked":["Force Field","Storm"],"picked":"Compile Driver","floor":2.0},{"not_picked":["Barrage","Tempest"],"picked":"Go for the Eyes","floor":5.0},{"not_picked":["Ball Lightning","Reboot"],"picked":"Biased Cognition","floor":6.0},{"not_picked":["Hologram","Cold Snap"],"picked":"Biased Cognition","floor":8.0},{"not_picked":["Steam Power","Aggregate"],"picked":"Self Repair","floor":11.0},{"not_picked":["Stack","Hello World"],"picked":"Cold Snap","floor":13.0},{"not_picked":["Aggregate","Go for the Eyes"],"picked":"Sweeping Beam","floor":14.0},{"not_picked":["Thunder Strike","Amplify+1"],"picked":"Reboot+1","floor":16.0},{"not_picked":["Loop+1","BootSequence+1"],"picked":"Conserve Battery+1","floor":18.0},{"not_picked":["Beam Cell","Rebound"],"picked":"Leap+1","floor":20.0},{"not_picked":["Stack+1","Turbo+1"],"picked":"Coolheaded+1","floor":22.0},{"not_picked":["Leap+1","Coolheaded+1"],"picked":"White Noise+1","floor":24.0},{"not_picked":["Turbo+1","Heatsinks+1","Auto Shields+1"],"picked":"SKIP","floor":25.0},{"not_picked":["Heatsinks","Darkness+1","Rebound"],"picked":"SKIP","floor":28.0},{"not_picked":["Barrage","Streamline+1","Reprogram+1"],"picked":"SKIP","floor":29.0},{"not_picked":["White Noise+1","Sweeping Beam"],"picked":"Consume+1","floor":31.0},{"not_picked":[],"picked":"Coolheaded+1","floor":35.0},{"not_picked":["Sweeping Beam+1"],"picked":"SKIP","floor":36.0},{"not_picked":["Ball Lightning"],"picked":"SKIP","floor":38.0},{"not_picked":["Beam Cell"],"picked":"SKIP","floor":39.0},{"not_picked":["Beam Cell"],"picked":"SKIP","floor":39.0},{"not_picked":[],"picked":"Reinforced Body+1","floor":41.0},{"not_picked":["Redo+1"],"picked":"SKIP","floor":42.0},{"not_picked":["Ball Lightning"],"picked":"SKIP","floor":45.0},{"not_picked":[],"picked":"Ball Lightning","floor":45.0},{"not_picked":["Go for the Eyes"],"picked":"SKIP","floor":47.0},{"not_picked":[],"picked":"Coolheaded+1","floor":48.0},{"not_picked":[],"picked":"Hologram+1","floor":55.0}],"player_experience":1486804,"relics_obtained":[{"floor":6.0,"key":"Cables"},{"floor":8.0,"key":"Orichalcum"},{"floor":9.0,"key":"Omamori"},{"floor":10.0,"key":"Vajra"},{"floor":14.0,"key":"Toxic Egg 2"},{"floor":25.0,"key":"Pen Nib"},{"floor":26.0,"key":"PreservedInsect"},{"floor":28.0,"key":"Art of War"},{"floor":41.0,"key":"Thread and Needle"},{"floor":47.0,"key":"Bag of Preparation"},{"floor":55.0,"key":"Whetstone"}],"event_choices":[{"damage_healed":0.0,"max_hp_gain":0.0,"max_hp_loss":0.0,"gold_gain":0.0,"event_name":"Liars Game","player_choice":"Ignored","floor":3.0,"gold_loss":0.0,"damage_taken":0.0},{"damage_healed":0.0,"max_hp_gain":0.0,"max_hp_loss":0.0,"gold_gain":0.0,"event_name":"Living Wall","player_choice":"Grow","floor":4.0,"gold_loss":0.0,"damage_taken":0.0,"cards_upgraded":["Zap"]},{"damage_healed":0.0,"max_hp_gain":0.0,"max_hp_loss":0.0,"gold_gain":0.0,"event_name":"Addict","player_choice":"Stole Relic","floor":21.0,"gold_loss":0.0,"damage_taken":0.0,"relics_obtained":["Regal Pillow"],"cards_obtained":["Shame"]},{"damage_healed":0.0,"max_hp_gain":0.0,"max_hp_loss":0.0,"gold_gain":0.0,"event_name":"Wheel of Change","player_choice":"Cursed","floor":30.0,"gold_loss":0.0,"damage_taken":0.0,"cards_obtained":["Decay"]},{"cards_removed":["Strike_B"],"damage_healed":0.0,"max_hp_gain":0.0,"max_hp_loss":0.0,"gold_gain":0.0,"event_name":"Purifier","player_choice":"Purged","floor":37.0,"gold_loss":0.0,"damage_taken":0.0}],"is_beta":false,"boss_relics":[{"not_picked":["FrozenCore","Snecko Eye"],"picked":"Inserter"},{"not_picked":["Pandora\u0027s Box","White Beast Statue"],"picked":"Busted Crown"}],"items_purged_floors":[19,44],"is_endless":false,"potions_floor_spawned":[2,6,8,13,16,18,20,22,25,28,31,35,38,41,48,55],"ascension_level":20}