{"gold_per_floor":[365,12,25,25,44,44,70,70,97,114,114,132,132,151,151,228,228,228,228,228,228,3,3,3,3,3,3,3,3,3,3,3,3,3,3,3,3,3,3],"floor_reached":39,"playtime":2616,"items_purged":["Pain"],"score":975,"play_id":"183c6edc-0345-4acc-8ed2-1dc82a13aff2","local_time":"20190524214149","is_ascension_mode":true,"campfire_choices":[{"data":"Zap","floor":6,"key":"SMITH"},{"data":"Consume","floor":11,"key":"SMITH"},{"data":"Loop","floor":13,"key":"SMITH"},{"data":"Sweeping Beam","floor":15,"key":"SMITH"},{"floor":24,"key":"REST"},{"floor":32,"key":"REST"}],"neow_cost":"CURSE","seed_source_timestamp":417033083881892,"circlet_count":0,"master_deck":["AscendersBane","Strike_B","Strike_B","Defend_B","Defend_B","Defend_B","Defend_B","Zap+1","Dualcast","Consume+1","Leap+1","Loop+1","Ball Lightning","Glacier","Sweeping Beam+1","Seek","Steam+1","Hologram","Machine Learning","Static Discharge","Defragment","Go for the Eyes","Creative AI","Coolheaded","Genetic Algorithm+1"],"relics":["Cracked Core","Letter Opener","Centennial Puzzle","Bronze Scales","Ectoplasm","Potion Belt","PreservedInsect","Mummified Hand","Mango","Boot","Nunchaku","Darkstone Periapt","Tiny House"],"potions_floor_usage":[7,12,16,28,33],"damage_taken":[{"damage":6,"enemies":"Small Slimes","floor":1,"turns":3},{"damage":0,"enemies":"2 Louse","floor":3,"turns":2},{"damage":0,"enemies":"Cultist","floor":5,"turns":4},{"damage":11,"enemies":"Lagavulin","floor":7,"turns":6},{"damage":0,"enemies":"2 Fungi Beasts","floor":10,"turns":3},{"damage":10,"enemies":"Gremlin Gang","floor":12,"turns":2},{"damage":0,"enemies":"Exordium Thugs","floor":14,"turns":5},{"damage":0,"enemies":"Slime Boss","floor":16,"turns":5},{"damage":16,"enemies":"Shell Parasite","floor":18,"turns":4},{"damage":1,"enemies":"3 Byrds","floor":20,"turns":2},{"damage":21,"enemies":"Slavers","floor":23,"turns":2},{"damage":1,"enemies":"Centurion and Healer","floor":25,"turns":5},{"damage":12,"enemies":"Sentry and Sphere","floor":27,"turns":6},{"damage":9,"enemies":"Gremlin Leader","floor":28,"turns":4},{"damage":1,"enemies":"Chosen and Byrds","floor":29,"turns":3},{"damage":1,"enemies":"3 Cultists","floor":30,"turns":5},{"damage":3,"enemies":"Colosseum Slavers","floor":31,"turns":4},{"damage":20,"enemies":"Colosseum Nobs","floor":31,"turns":3},{"damage":27,"enemies":"Automaton","floor":33,"turns":11},{"damage":6,"enemies":"Orb Walker","floor":35,"turns":4},{"damage":21,"enemies":"3 Darklings","floor":36,"turns":5},{"damage":26,"enemies":"Spire Growth","floor":38,"turns":5},{"damage":19,"enemies":"Transient","floor":39,"turns":6}],"seed_played":"-2098778312991620924","potions_obtained":[{"floor":1,"key":"Swift Potion"},{"floor":8,"key":"SpeedPotion"},{"floor":8,"key":"FocusPotion"},{"floor":10,"key":"Explosive Potion"},{"floor":18,"key":"FocusPotion"},{"floor":25,"key":"Weak Potion"},{"floor":30,"key":"Strength Potion"},{"floor":34,"key":"GamblersBrew"}],"is_trial":false,"path_per_floor":["M","$","M","?","M","R","E","?","T","M","R","M","R","M","R","B",null,"M","?","M","T","$","E","R","M","T","M","E","M","M","?","R","B",null,"M","M","$","M","M"],"character_chosen":"DEFECT","items_purchased":["Letter Opener","PreservedInsect","Hologram"],"campfire_rested":2,"item_purchase_floors":[2,22,22],"current_hp_per_floor":[58,58,58,58,58,58,47,47,47,47,47,37,37,37,37,37,63,47,47,46,46,46,25,46,45,59,47,38,37,36,13,38,11,72,66,45,45,19,0],"gold":3,"neow_bonus":"TWO_FIFTY_GOLD","is_prod":false,"is_daily":false,"chose_seed":false,"campfire_upgraded":4,"win_rate":0,"timestamp":1558730509,"path_taken":["M","$","M","?","M","R","E","?","T","M","R","?","R","M","R","BOSS","M","?","?","?","$","E","R","M","T","M","E","M","M","?","R","BOSS","M","M","$","M","M"],"build_version":"2019-01-23","purchased_purges":1,"victory":false,"max_hp_per_floor":[71,71,71,71,71,71,71,71,71,71,71,71,71,71,71,71,71,71,71,71,71,71,71,71,71,85,85,85,85,85,85,85,85,90,90,90,90,90,90],"card_choices":[{"not_picked":["Lockon","Beam Cell"],"picked":"Consume","floor":1},{"not_picked":["Stack","Streamline"],"picked":"Leap","floor":3},{"not_picked":["Stack","Streamline","Steam"],"picked":"SKIP","floor":5},{"not_picked":["Ball Lightning","Tempest"],"picked":"Loop","floor":7},{"not_picked":["Go for the Eyes","Rip and Tear"],"picked":"Ball Lightning","floor":10},{"not_picked":["Conserve Battery","Hello World"],"picked":"Glacier","floor":12},{"not_picked":["Cold Snap","Skim"],"picked":"Sweeping Beam","floor":14},{"not_picked":["Reboot","Thunder Strike"],"picked":"Seek","floor":16},{"not_picked":["Skim","Streamline","Loop"],"picked":"SKIP","floor":18},{"not_picked":["Conserve Battery","Cold Snap"],"picked":"Steam+1","floor":20},{"not_picked":["Aggregate","Conserve Battery+1"],"picked":"Machine Learning","floor":23},{"not_picked":["Hologram","Lockon","Skim"],"picked":"SKIP","floor":25},{"not_picked":["Barrage","Turbo"],"picked":"Static Discharge","floor":27},{"not_picked":["Hologram","Scrape"],"picked":"Defragment","floor":28},{"not_picked":["Skim","Static Discharge"],"picked":"Go for the Eyes","floor":29},{"not_picked":["Lockon","Leap","Turbo"],"picked":"SKIP","floor":30},{"not_picked":["Buffer","Hyperbeam"],"picked":"Creative AI","floor":33},{"not_picked":["Hologram","Gash"],"picked":"Coolheaded","floor":35},{"not_picked":["Steam","Rebound"],"picked":"Genetic Algorithm+1","floor":36},{"not_picked":["Redo+1","Darkness","Sunder"],"picked":"SKIP","floor":38}],"player_experience":1437086,"relics_obtained":[{"floor":7,"key":"Centennial Puzzle"},{"floor":9,"key":"Bronze Scales"},{"floor":21,"key":"Potion Belt"},{"floor":23,"key":"Mummified Hand"},{"floor":26,"key":"Mango"},{"floor":28,"key":"Boot"},{"floor":31,"key":"Nunchaku"},{"floor":31,"key":"Darkstone Periapt"}],"event_choices":[{"cards_removed":["Strike_B"],"damage_healed":0,"gold_gain":0,"player_choice":"Forget","damage_taken":0,"max_hp_gain":0,"max_hp_loss":0,"event_name":"Living Wall","floor":4,"gold_loss":0},{"damage_healed":0,"gold_gain":0,"player_choice":"Got Potions","damage_taken":0,"max_hp_gain":0,"max_hp_loss":0,"event_name":"Lab","floor":8,"gold_loss":0},{"cards_removed":["Strike_B"],"damage_healed":0,"gold_gain":0,"player_choice":"Purged","damage_taken":0,"max_hp_gain":0,"max_hp_loss":0,"event_name":"Purifier","floor":19,"gold_loss":0},{"damage_healed":0,"gold_gain":0,"player_choice":"Fight","damage_taken":0,"max_hp_gain":0,"max_hp_loss":0,"event_name":"Colosseum","floor":31,"gold_loss":0},{"damage_healed":0,"gold_gain":0,"player_choice":"Fought Nobs","damage_taken":0,"max_hp_gain":0,"max_hp_loss":0,"event_name":"Colosseum","floor":31,"gold_loss":0}],"is_beta":false,"boss_relics":[{"not_picked":["White Beast Statue","Busted Crown"],"picked":"Ectoplasm"},{"not_picked":["Coffee Dripper","Calling Bell"],"picked":"Tiny House"}],"items_purged_floors":[2],"is_endless":false,"potions_floor_spawned":[1,10,18,25,30,31],"killed_by":"Transient","ascension_level":20}