{"gold_per_floor":[116,131,30,30,50,50,75,103,103,121,121,137,137,37,37,109,109,119,119,119,136,93,93],"floor_reached":23,"playtime":1711,"items_purged":["Pain","Strike_B"],"score":378,"play_id":"2da8f420-bfa6-4327-84a8-67b735af8800","local_time":"20190826233608","is_ascension_mode":true,"campfire_choices":[{"data":"Zap","floor":6,"key":"SMITH"},{"data":"Self Repair","floor":11,"key":"SMITH"},{"data":"Buffer","floor":13,"key":"SMITH"},{"data":"Electrodynamics","floor":15,"key":"SMITH"}],"neow_cost":"CURSE","seed_source_timestamp":671096203509900,"circlet_count":0,"master_deck":["AscendersBane","Strike_B","Strike_B","Strike_B+1","Defend_B","Defend_B","Defend_B","Defend_B","Zap+1","Dualcast","Ball Lightning","Sweeping Beam","Electrodynamics+1","Coolheaded","Cold Snap+1","Capacitor","Conserve Battery","Self Repair+1","Glacier","Hologram","Buffer+1","Creative AI","Undo"],"special_seed":0,"relics":["Cracked Core","Prayer Wheel","Odd Mushroom","Bottled Lightning","Whetstone","Black Star","Enchiridion"],"potions_floor_usage":[8,12,18,18,23],"damage_taken":[{"damage":5.0,"enemies":"Jaw Worm","floor":1.0,"turns":3.0},{"damage":7.0,"enemies":"2 Louse","floor":2.0,"turns":3.0},{"damage":0,"enemies":"Cultist","floor":5,"turns":3},{"damage":16,"enemies":"The Mushroom Lair","floor":7,"turns":2},{"damage":34,"enemies":"Lagavulin","floor":8,"turns":8},{"damage":0,"enemies":"Large Slime","floor":10,"turns":4},{"damage":2,"enemies":"Lots of Slimes","floor":12,"turns":3},{"damage":6,"enemies":"The Guardian","floor":16,"turns":14},{"damage":26,"enemies":"3 Byrds","floor":18,"turns":3},{"damage":11,"enemies":"Spheric Guardian","floor":21,"turns":8},{"damage":28,"enemies":"Book of Stabbing","floor":23,"turns":2}],"seed_played":"4035431391687669084","potions_obtained":[{"floor":1.0,"key":"Explosive Potion"},{"floor":2.0,"key":"SkillPotion"},{"floor":5,"key":"Regen Potion"},{"floor":10,"key":"FocusPotion"},{"floor":12,"key":"LiquidBronze"},{"floor":21,"key":"SkillPotion"}],"is_trial":false,"path_per_floor":["M","M","$","?","M","R","?","E","T","M","R","M","R","$","R","B",null,"M","?","?","M","$","E"],"character_chosen":"DEFECT","items_purchased":["Cold Snap","Undo"],"campfire_rested":0,"item_purchase_floors":[3,22],"current_hp_per_floor":[59,52,52,52,52,52,36,17,17,24,24,32,32,32,32,36,62,46,25,25,24,24,0],"gold":93,"neow_bonus":"ONE_RARE_RELIC","is_prod":false,"is_daily":false,"chose_seed":false,"campfire_upgraded":4,"win_rate":0,"timestamp":1566858968,"path_taken":["M","M","$","?","M","R","?","E","T","M","R","M","R","$","R","BOSS","M","?","?","M","$","E"],"build_version":"2019-07-17","purchased_purges":2,"victory":false,"max_hp_per_floor":[71,71,71,71,71,71,71,71,71,71,71,71,71,71,71,71,71,71,71,71,71,71,71],"card_choices":[{"not_picked":["Rebound","Barrage"],"picked":"Ball Lightning","floor":1.0},{"not_picked":["Auto Shields","Redo"],"picked":"Sweeping Beam","floor":1.0},{"not_picked":["Sweeping Beam","Beam Cell"],"picked":"Electrodynamics","floor":2.0},{"not_picked":["Recycle","Compile Driver"],"picked":"Coolheaded","floor":2.0},{"not_picked":["Compile Driver","Leap"],"picked":"Capacitor","floor":5},{"not_picked":["Steam","Barrage"],"picked":"Conserve Battery","floor":5},{"not_picked":["Rebound","Storm"],"picked":"Self Repair","floor":8},{"not_picked":["Turbo","Melter"],"picked":"Glacier","floor":10},{"not_picked":["Chaos","Beam Cell"],"picked":"Hologram","floor":10},{"not_picked":["Double Energy","Beam Cell"],"picked":"Buffer","floor":12},{"not_picked":["Coolheaded","Auto Shields","Redo"],"picked":"SKIP","floor":12},{"not_picked":["Rainbow","Hyperbeam"],"picked":"Creative AI","floor":16},{"not_picked":["Auto Shields","Stack","Coolheaded"],"picked":"SKIP","floor":18},{"not_picked":["Barrage","Self Repair","Glacier"],"picked":"SKIP","floor":18},{"not_picked":["Gash","Steam","Rip and Tear"],"picked":"SKIP","floor":21},{"not_picked":["Gash","Coolheaded","Reinforced Body"],"picked":"SKIP","floor":21}],"player_experience":1550334,"relics_obtained":[{"floor":7,"key":"Odd Mushroom"},{"floor":8,"key":"Bottled Lightning"},{"floor":9,"key":"Whetstone"},{"floor":19,"key":"Enchiridion"}],"event_choices":[{"damage_healed":0,"gold_gain":0,"player_choice":"Fled","damage_taken":0,"max_hp_gain":0,"max_hp_loss":0,"event_name":"Scrap Ooze","floor":4,"gold_loss":0},{"damage_healed":0,"gold_gain":0,"player_choice":"Fought Mushrooms","damage_taken":0,"max_hp_gain":0,"max_hp_loss":0,"event_name":"Mushrooms","floor":7,"gold_loss":0},{"damage_healed":0,"gold_gain":0,"player_choice":"Obtained Book","damage_taken":21,"max_hp_gain":0,"max_hp_loss":0,"event_name":"Cursed Tome","floor":19,"gold_loss":0},{"damage_healed":0,"gold_gain":0,"player_choice":"Ignored","damage_taken":0,"max_hp_gain":0,"max_hp_loss":0,"event_name":"Vampires","floor":20,"gold_loss":0}],"is_beta":false,"boss_relics":[{"not_picked":["Tiny House","Orrery"],"picked":"Black Star"}],"items_purged_floors":[3,14],"is_endless":false,"potions_floor_spawned":[1,2,5,10,12,21],"killed_by":"Book of Stabbing","ascension_level":20}