{"gold_per_floor":[112,126,137,147,147,147,174,12,12,25,25,53,53,71,71,166,166,187,203,203,203,227,227,263,225,262,287,299,38,58,72,72,161,161,179,179,195,216,216,286,301,332,332,357,370,370,58,77,77,77],"floor_reached":50,"playtime":3181,"items_purged":["Strike_B"],"score":1076,"play_id":"d4d4fb5b-fd8b-41a7-b1ab-4667417951db","local_time":"20190831012110","is_ascension_mode":true,"campfire_choices":[{"data":"Zap","floor":6,"key":"SMITH"},{"data":"Biased Cognition","floor":11,"key":"SMITH"},{"data":"Go for the Eyes","floor":15,"key":"SMITH"},{"floor":23,"key":"REST"},{"data":"Capacitor","floor":28,"key":"SMITH"},{"data":"Conserve Battery","floor":32,"key":"SMITH"},{"data":"Coolheaded","floor":46,"key":"SMITH"},{"data":"Conserve Battery","floor":49,"key":"SMITH"}],"neow_cost":"NONE","seed_source_timestamp":1021548784562900,"circlet_count":0,"master_deck":["AscendersBane","Strike_B","Defend_B","Defend_B","Defend_B","Zap+1","Glacier","Self Repair","Compile Driver","Cold Snap","Conserve Battery+1","Biased Cognition+1","Ball Lightning","Go for the Eyes+1","Biased Cognition+1","Core Surge+1","Electrodynamics+1","Melter+1","Capacitor+1","Leap","Necronomicurse","Reinforced Body+1","FTL","Meteor Strike","Compile Driver+1","Turbo","Hologram+1","Coolheaded+1","Defragment+1","Doom and Gloom","Sweeping Beam","Conserve Battery+1"],"relics":["Cracked Core","Centennial Puzzle","Kunai","Bag of Preparation","Vajra","Golden Idol","Astrolabe","MutagenicStrength","Necronomicon","MawBank","Pen Nib","Meat on the Bone","Coffee Dripper","Tiny Chest","Turnip","Frozen Egg 2"],"potions_floor_usage":[4,7,16,40,42,50],"damage_taken":[{"damage":1,"enemies":"Cultist","floor":1,"turns":3},{"damage":3,"enemies":"2 Louse","floor":2,"turns":4},{"damage":8,"enemies":"Jaw Worm","floor":3,"turns":4},{"damage":0,"enemies":"3 Louse","floor":4,"turns":2},{"damage":11,"enemies":"3 Sentries","floor":7,"turns":11},{"damage":1,"enemies":"Blue Slaver","floor":10,"turns":3},{"damage":14,"enemies":"Lagavulin","floor":12,"turns":10},{"damage":3,"enemies":"Exordium Wildlife","floor":14,"turns":3},{"damage":12,"enemies":"The Guardian","floor":16,"turns":9},{"damage":10,"enemies":"Shell Parasite","floor":18,"turns":3},{"damage":14,"enemies":"2 Thieves","floor":19,"turns":3},{"damage":19,"enemies":"Snake Plant","floor":22,"turns":5},{"damage":3,"enemies":"Book of Stabbing","floor":24,"turns":6},{"damage":6,"enemies":"3 Cultists","floor":27,"turns":3},{"damage":0,"enemies":"Sentry and Sphere","floor":30,"turns":2},{"damage":6,"enemies":"Snake Plant","floor":31,"turns":3},{"damage":19,"enemies":"Automaton","floor":33,"turns":6},{"damage":6,"enemies":"3 Shapes","floor":35,"turns":4},{"damage":17,"enemies":"3 Darklings","floor":37,"turns":3},{"damage":9,"enemies":"Sphere and 2 Shapes","floor":38,"turns":3},{"damage":10,"enemies":"Reptomancer","floor":40,"turns":4},{"damage":20,"enemies":"Spire Growth","floor":41,"turns":5},{"damage":2,"enemies":"Nemesis","floor":42,"turns":7},{"damage":13,"enemies":"3 Darklings","floor":44,"turns":5},{"damage":12,"enemies":"Maw","floor":45,"turns":7},{"damage":13,"enemies":"Spire Growth","floor":48,"turns":5},{"damage":54,"enemies":"Awakened One","floor":50,"turns":3}],"seed_played":"-1583179732172375435","potions_obtained":[{"floor":0,"key":"SteroidPotion"},{"floor":0,"key":"Fire Potion"},{"floor":7,"key":"Energy Potion"},{"floor":10,"key":"SteroidPotion"},{"floor":18,"key":"Swift Potion"},{"floor":41,"key":"Block Potion"},{"floor":44,"key":"EssenceOfSteel"},{"floor":45,"key":"Fire Potion"}],"is_trial":false,"path_per_floor":["M","M","M","M","?","R","E","$","T","M","R","E","?","M","R","B",null,"M","M","?","?","M","R","E","?","T","M","R","$","M","M","R","B",null,"M","?","M","M","?","E","M","E","T","M","M","R","$","M","R","B"],"character_chosen":"DEFECT","items_purchased":["Biased Cognition","Meat on the Bone","Defragment+1","Doom and Gloom","AttackPotion","Sweeping Beam"],"campfire_rested":1,"item_purchase_floors":[8,29,47,47,47,47],"current_hp_per_floor":[63,60,59,59,41,41,37,37,37,43,43,36,36,33,33,28,55,52,45,45,24,5,24,28,28,28,22,22,22,34,47,47,47,60,61,61,44,35,35,44,36,41,41,47,42,42,42,48,48,0],"gold":77,"neow_bonus":"THREE_SMALL_POTIONS","is_prod":false,"is_daily":false,"chose_seed":false,"campfire_upgraded":7,"win_rate":0,"timestamp":1567210870,"path_taken":["M","M","?","M","?","R","E","?","T","M","R","E","?","M","R","BOSS","M","M","?","?","M","R","E","?","T","M","R","$","?","M","R","BOSS","M","?","M","M","?","E","M","E","T","M","?","R","$","M","R","BOSS"],"build_version":"2019-07-17","purchased_purges":1,"victory":false,"max_hp_per_floor":[71,71,71,71,71,71,71,71,71,71,71,71,64,64,64,64,64,64,64,64,64,64,64,64,64,64,64,64,64,64,64,64,64,64,64,61,61,61,61,61,61,61,61,61,61,61,61,61,61,61],"card_choices":[{"not_picked":["Hologram","Blizzard"],"picked":"Glacier","floor":1},{"not_picked":["Capacitor","Redo"],"picked":"Self Repair","floor":2},{"not_picked":["Stack","Turbo"],"picked":"Compile Driver","floor":3},{"not_picked":["Darkness","Go for the Eyes"],"picked":"Cold Snap","floor":4},{"not_picked":["Loop","Steam Power"],"picked":"Conserve Battery","floor":7},{"not_picked":["Undo","Blizzard","Beam Cell"],"picked":"SKIP","floor":10},{"not_picked":["Cold Snap","Barrage"],"picked":"Ball Lightning","floor":12},{"not_picked":["Storm","Steam Power"],"picked":"Go for the Eyes","floor":14},{"not_picked":["Multi-Cast","Amplify"],"picked":"Biased Cognition","floor":16},{"not_picked":["Coolheaded","Gash"],"picked":"Capacitor","floor":18},{"not_picked":["Undo","Hologram"],"picked":"Leap","floor":19},{"not_picked":["Streamline","Double Energy"],"picked":"Reinforced Body+1","floor":22},{"not_picked":["Multi-Cast","Compile Driver"],"picked":"FTL","floor":24},{"not_picked":["Turbo","Aggregate+1","Gash"],"picked":"SKIP","floor":27},{"not_picked":["Undo","Rip and Tear","Chill"],"picked":"SKIP","floor":30},{"not_picked":["Steam Power","Cold Snap","Streamline"],"picked":"SKIP","floor":31},{"not_picked":["Echo Form","Machine Learning"],"picked":"Meteor Strike","floor":33},{"not_picked":["Storm","Turbo"],"picked":"Compile Driver+1","floor":35},{"not_picked":["Recycle","Sweeping Beam"],"picked":"Turbo","floor":37},{"not_picked":["Redo","Blizzard"],"picked":"Hologram+1","floor":38},{"not_picked":["Consume","Fusion","Cold Snap"],"picked":"SKIP","floor":40},{"not_picked":["Beam Cell+1","Tempest"],"picked":"Coolheaded","floor":41},{"not_picked":["Genetic Algorithm","Rip and Tear","Hello World+1"],"picked":"SKIP","floor":42},{"not_picked":["Steam","Ball Lightning","Aggregate"],"picked":"SKIP","floor":44},{"not_picked":["Hologram+1","Self Repair+1","Conserve Battery"],"picked":"SKIP","floor":45},{"not_picked":["Reboot","Doom and Gloom"],"picked":"Conserve Battery","floor":48}],"player_experience":1572194,"relics_obtained":[{"floor":7,"key":"Kunai"},{"floor":9,"key":"Bag of Preparation"},{"floor":12,"key":"Vajra"},{"floor":21,"key":"Necronomicon"},{"floor":24,"key":"MawBank"},{"floor":26,"key":"Pen Nib"},{"floor":40,"key":"Tiny Chest"},{"floor":42,"key":"Turnip"},{"floor":43,"key":"Frozen Egg 2"}],"event_choices":[{"damage_healed":0,"gold_gain":0,"player_choice":"Success","damage_taken":18,"relics_obtained":["Centennial Puzzle"],"max_hp_gain":0,"max_hp_loss":0,"event_name":"Scrap Ooze","floor":5,"gold_loss":0},{"damage_healed":0,"gold_gain":0,"player_choice":"Lose Max HP","damage_taken":0,"relics_obtained":["Golden Idol"],"max_hp_gain":0,"max_hp_loss":7,"event_name":"Golden Idol","floor":13,"gold_loss":0},{"damage_healed":0,"gold_gain":0,"player_choice":"Inject Mutagens","damage_taken":0,"relics_obtained":["MutagenicStrength"],"max_hp_gain":0,"max_hp_loss":0,"event_name":"Drug Dealer","floor":20,"gold_loss":0},{"damage_healed":0,"gold_gain":0,"player_choice":"Obtained Book","damage_taken":21,"max_hp_gain":0,"max_hp_loss":0,"event_name":"Cursed Tome","floor":21,"gold_loss":0},{"damage_healed":0,"gold_gain":0,"player_choice":"Upgrade","damage_taken":0,"max_hp_gain":0,"max_hp_loss":0,"event_name":"Designer","floor":25,"gold_loss":50,"cards_upgraded":["Biased Cognition"]},{"damage_healed":0,"gold_gain":0,"player_choice":"Max HP","damage_taken":0,"max_hp_gain":0,"max_hp_loss":3,"event_name":"Winding Halls","floor":36,"gold_loss":0},{"cards_removed":["Strike_B"],"damage_healed":0,"gold_gain":0,"player_choice":"Offered Basic","damage_taken":0,"max_hp_gain":0,"max_hp_loss":0,"event_name":"Bonfire Elementals","floor":39,"gold_loss":0}],"is_beta":false,"boss_relics":[{"not_picked":["Runic Pyramid","FrozenCore"],"picked":"Astrolabe"},{"not_picked":["Calling Bell","Inserter"],"picked":"Coffee Dripper"}],"items_purged_floors":[47],"is_endless":false,"potions_floor_spawned":[2,3,7,10,14,18,19,22,30,35,41,44,45],"killed_by":"Awakened One","ascension_level":20}