{"gold_per_floor":[116,116,116,127,144,144,160,189,214,214,225,251,251,251,251,251],"floor_reached":16,"playtime":626,"items_purged":[],"score":220,"play_id":"bfb44477-dc78-430d-89da-8982b10cc7be","local_time":"20190908163051","is_ascension_mode":true,"campfire_choices":[{"data":"Sunder","floor":6,"key":"SMITH"},{"data":"Zap","floor":10,"key":"SMITH"},{"floor":15,"key":"REST"}],"neow_cost":"NONE","seed_source_timestamp":1769890772387900,"circlet_count":0,"master_deck":["AscendersBane","Strike_B","Strike_B","Strike_B","Defend_B","Defend_B","Defend_B","Zap+1","Dualcast","Creative AI","Sweeping Beam","Compile Driver","Sunder+1","Ball Lightning","Leap"],"relics":["Cracked Core","Ancient Tea Set","Blood Vial","Centennial Puzzle","Girya"],"potions_floor_usage":[8,12,16],"damage_taken":[{"damage":0,"enemies":"2 Louse","floor":1,"turns":2},{"damage":1,"enemies":"Cultist","floor":4,"turns":3},{"damage":5,"enemies":"Small Slimes","floor":5,"turns":3},{"damage":0,"enemies":"2 Fungi Beasts","floor":7,"turns":2},{"damage":35,"enemies":"Lagavulin","floor":8,"turns":6},{"damage":22,"enemies":"Large Slime","floor":11,"turns":5},{"damage":8,"enemies":"Gremlin Nob","floor":12,"turns":3},{"damage":32,"enemies":"Hexaghost","floor":16,"turns":7}],"seed_played":"2435004633983076605","potions_obtained":[{"floor":4,"key":"PowerPotion"},{"floor":7,"key":"Energy Potion"},{"floor":12,"key":"Weak Potion"}],"is_trial":false,"path_per_floor":["M","?","?","M","M","R","M","E","T","R","M","E","?","?","R","B"],"character_chosen":"DEFECT","items_purchased":[],"campfire_rested":1,"item_purchase_floors":[],"current_hp_per_floor":[64,69,69,68,63,63,63,28,28,28,8,2,2,2,24,0],"gold":251,"neow_bonus":"TRANSFORM_CARD","is_prod":false,"is_daily":false,"chose_seed":false,"campfire_upgraded":2,"win_rate":0,"timestamp":1567956651,"path_taken":["M","?","?","M","M","R","?","E","T","R","M","E","?","?","R","BOSS"],"build_version":"2019-08-26","purchased_purges":0,"victory":false,"max_hp_per_floor":[71,76,76,76,76,76,76,76,76,76,76,76,76,76,76,76],"card_choices":[{"not_picked":["BootSequence","Coolheaded"],"picked":"Sweeping Beam","floor":1},{"not_picked":["Sweeping Beam","Blizzard"],"picked":"Compile Driver","floor":4},{"not_picked":["Barrage","Sweeping Beam"],"picked":"Sunder","floor":5},{"not_picked":["Hologram","Stack"],"picked":"Ball Lightning","floor":7},{"not_picked":["Defragment","Aggregate"],"picked":"Leap","floor":8},{"not_picked":["Storm","Chill","Hello World"],"picked":"SKIP","floor":11},{"not_picked":["Static Discharge","Capacitor","Rip and Tear"],"picked":"SKIP","floor":12}],"player_experience":1660333,"relics_obtained":[{"floor":8,"key":"Ancient Tea Set"},{"floor":9,"key":"Blood Vial"},{"floor":12,"key":"Centennial Puzzle"}],"event_choices":[{"damage_healed":0,"gold_gain":0,"player_choice":"Donut","damage_taken":0,"max_hp_gain":5,"max_hp_loss":0,"event_name":"Big Fish","floor":2,"gold_loss":0},{"cards_removed":["Strike_B"],"damage_healed":0,"gold_gain":0,"player_choice":"Purged","damage_taken":0,"max_hp_gain":0,"max_hp_loss":0,"event_name":"Purifier","floor":3,"gold_loss":0},{"damage_healed":0,"gold_gain":0,"player_choice":"Ignored","damage_taken":0,"max_hp_gain":0,"max_hp_loss":0,"event_name":"Liars Game","floor":13,"gold_loss":0},{"damage_healed":0,"gold_gain":0,"player_choice":"Searched \u00271\u0027 times","damage_taken":0,"relics_obtained":["Girya"],"max_hp_gain":0,"max_hp_loss":0,"event_name":"Dead Adventurer","floor":14,"gold_loss":0}],"is_beta":true,"boss_relics":[],"items_purged_floors":[],"is_endless":false,"potions_floor_spawned":[4,7,12],"killed_by":"Hexaghost","ascension_level":20}