{"gold_per_floor":[119,175,100,150,169,194,209,235,235,235,269,280,280,294,294,365,365,384,8,8,27,46,80,80,100,123,154,172,183,183,212,212,291,291,301,35,53,153,168,201,221,239,264,264,277,289,289,7,7,7,7],"floor_reached":51,"playtime":4658,"items_purged":["Strike_B"],"score":1522,"play_id":"e7359d57-1d54-4b11-a3d1-4b990e4ddab9","local_time":"20190830114832","is_ascension_mode":true,"campfire_choices":[{"data":"Zap","floor":10,"key":"SMITH"},{"data":"Doom and Gloom","floor":13,"key":"SMITH"},{"data":"Buffer","floor":15,"key":"SMITH"},{"data":"Defragment","floor":24,"key":"SMITH"},{"data":"Capacitor","floor":30,"key":"SMITH"},{"data":"Defragment","floor":32,"key":"SMITH"},{"floor":47,"key":"REST"},{"floor":49,"key":"REST"}],"neow_cost":"NONE","seed_source_timestamp":971312123458800,"circlet_count":0,"master_deck":["AscendersBane","Strike_B+1","Strike_B+1","Defend_B+1","Defend_B+1","Defend_B+1","Defend_B+1","Zap+1","Dualcast","Doom and Gloom+1","Cold Snap","Leap","FTL","Capacitor+1","Coolheaded","Buffer+1","All For One+1","Compile Driver","Defragment+1","Go for the Eyes","FTL+1","Sweeping Beam+1","Glacier","Compile Driver","Defragment+1","Electrodynamics","Conserve Battery+1","Madness","Darkness","All For One","Defragment+1","Writhe","Pain","Gash"],"relics":["Cracked Core","NeowsBlessing","Happy Flower","Symbiotic Virus","Blood Vial","Potion Belt","Sozu","Bronze Scales","Art of War","Bag of Preparation","Whetstone","Smiling Mask","Cursed Key","Regal Pillow","Dead Branch","Blue Candle","Strawberry","WarpedTongs","Ornamental Fan"],"potions_floor_usage":[8,8,31],"damage_taken":[{"damage":0,"enemies":"2 Louse","floor":1,"turns":1},{"damage":0,"enemies":"Cultist","floor":5,"turns":1},{"damage":0,"enemies":"Gremlin Nob","floor":6,"turns":1},{"damage":5,"enemies":"Jaw Worm","floor":7,"turns":3},{"damage":8,"enemies":"3 Sentries","floor":8,"turns":4},{"damage":1,"enemies":"Gremlin Nob","floor":11,"turns":3},{"damage":0,"enemies":"2 Fungi Beasts","floor":12,"turns":2},{"damage":0,"enemies":"Large Slime","floor":14,"turns":4},{"damage":15,"enemies":"The Guardian","floor":16,"turns":9},{"damage":8,"enemies":"2 Thieves","floor":18,"turns":3},{"damage":0,"enemies":"Shell Parasite","floor":21,"turns":3},{"damage":0,"enemies":"Sentry and Sphere","floor":22,"turns":3},{"damage":11,"enemies":"Gremlin Leader","floor":23,"turns":7},{"damage":2,"enemies":"Centurion and Healer","floor":25,"turns":5},{"damage":1,"enemies":"Book of Stabbing","floor":27,"turns":5},{"damage":4,"enemies":"3 Cultists","floor":28,"turns":4},{"damage":0,"enemies":"Snake Plant","floor":29,"turns":3},{"damage":18,"enemies":"Slavers","floor":31,"turns":4},{"damage":22,"enemies":"Collector","floor":33,"turns":10},{"damage":0,"enemies":"Orb Walker","floor":35,"turns":3},{"damage":0,"enemies":"3 Shapes","floor":37,"turns":3},{"damage":6,"enemies":"Mind Bloom Boss Battle","floor":38,"turns":4},{"damage":0,"enemies":"Maw","floor":39,"turns":6},{"damage":0,"enemies":"Giant Head","floor":40,"turns":7},{"damage":7,"enemies":"Spire Growth","floor":41,"turns":5},{"damage":21,"enemies":"Sphere and 2 Shapes","floor":42,"turns":4},{"damage":29,"enemies":"Jaw Worm Horde","floor":45,"turns":2},{"damage":1,"enemies":"Spire Growth","floor":46,"turns":5},{"damage":24,"enemies":"Time Eater","floor":50,"turns":10},{"damage":59,"enemies":"Awakened One","floor":51,"turns":6}],"seed_played":"-3742594028549033071","potions_obtained":[{"floor":1,"key":"Block Potion"},{"floor":5,"key":"Strength Potion"},{"floor":14,"key":"Explosive Potion"}],"is_trial":false,"path_per_floor":["M","?","?","?","M","E","M","E","T","R","E","M","R","M","R","B",null,"M","$","?","M","M","E","R","M","T","E","M","M","R","E","R","B",null,"M","$","M","?","M","E","M","M","T","?","M","M","R","$","R","B","B"],"character_chosen":"DEFECT","items_purchased":["Defragment","Go for the Eyes","Bronze Scales","Regal Pillow","Madness","Ornamental Fan"],"campfire_rested":2,"item_purchase_floors":[19,19,19,36,36,48],"current_hp_per_floor":[64,64,64,57,57,57,52,44,44,44,45,47,47,49,49,36,62,56,56,56,58,60,51,51,51,51,52,50,52,52,36,36,16,57,59,59,61,57,59,61,56,37,44,44,17,18,56,56,78,54,0],"gold":7,"neow_bonus":"THREE_ENEMY_KILL","is_prod":false,"is_daily":false,"chose_seed":false,"campfire_upgraded":6,"win_rate":0,"timestamp":1567162112,"path_taken":["M","?","?","?","M","E","M","E","T","R","E","M","R","M","R","BOSS","M","?","?","M","M","E","R","M","T","E","M","M","R","E","R","BOSS","M","$","M","?","M","E","M","M","T","?","?","M","R","$","R","BOSS","BOSS"],"build_version":"2019-07-17","purchased_purges":1,"victory":false,"max_hp_per_floor":[71,71,71,71,71,71,71,71,71,71,71,71,71,71,71,71,71,71,71,71,71,71,71,71,71,71,71,71,71,71,71,71,71,71,71,71,71,71,71,71,71,71,78,78,78,78,78,78,78,78,78],"card_choices":[{"not_picked":["Sweeping Beam","Lockon"],"picked":"Doom and Gloom","floor":1},{"not_picked":["Melter","Beam Cell","Storm"],"picked":"SKIP","floor":5},{"not_picked":["Genetic Algorithm","Conserve Battery"],"picked":"Cold Snap","floor":6},{"not_picked":["Redo","Beam Cell"],"picked":"Leap","floor":7},{"not_picked":["White Noise","Beam Cell"],"picked":"FTL","floor":8},{"not_picked":["Streamline","Tempest"],"picked":"Capacitor","floor":11},{"not_picked":["Streamline","Blizzard"],"picked":"Coolheaded","floor":12},{"not_picked":["Hologram","Sweeping Beam"],"picked":"Buffer","floor":14},{"not_picked":["Seek","Machine Learning"],"picked":"All For One","floor":16},{"not_picked":["Coolheaded","Heatsinks"],"picked":"Compile Driver","floor":18},{"not_picked":["Redo","Stack"],"picked":"FTL+1","floor":21},{"not_picked":["Capacitor","Rip and Tear","Turbo"],"picked":"SKIP","floor":22},{"not_picked":["Scrape","Undo"],"picked":"Sweeping Beam","floor":23},{"not_picked":["Streamline+1","Auto Shields"],"picked":"Glacier","floor":25},{"not_picked":["Stack","Turbo+1","Amplify"],"picked":"SKIP","floor":27},{"not_picked":["Beam Cell","Rebound","Sweeping Beam"],"picked":"SKIP","floor":28},{"not_picked":["Steam","Conserve Battery"],"picked":"Compile Driver","floor":29},{"not_picked":["Reprogram","Sweeping Beam"],"picked":"Defragment","floor":31},{"not_picked":["Machine Learning","Core Surge"],"picked":"Electrodynamics","floor":33},{"not_picked":["Turbo+1","Redo"],"picked":"Conserve Battery+1","floor":35},{"not_picked":["Redo","Barrage","Double Energy"],"picked":"SKIP","floor":37},{"not_picked":["Rebound","Capacitor"],"picked":"Darkness","floor":38},{"not_picked":["Redo","Stack"],"picked":"All For One","floor":39},{"not_picked":["Undo","Chill","Core Surge"],"picked":"SKIP","floor":40},{"not_picked":["Turbo+1","BootSequence"],"picked":"Defragment+1","floor":41},{"not_picked":["Cold Snap","Streamline","Compile Driver"],"picked":"SKIP","floor":42},{"not_picked":["Leap","Beam Cell"],"picked":"Gash","floor":45},{"not_picked":["Turbo","Steam+1","Capacitor"],"picked":"SKIP","floor":46}],"player_experience":1565246,"relics_obtained":[{"floor":6,"key":"Happy Flower"},{"floor":8,"key":"Symbiotic Virus"},{"floor":9,"key":"Blood Vial"},{"floor":11,"key":"Potion Belt"},{"floor":23,"key":"Art of War"},{"floor":26,"key":"Bag of Preparation"},{"floor":27,"key":"Whetstone"},{"floor":31,"key":"Smiling Mask"},{"floor":38,"key":"Dead Branch"},{"floor":40,"key":"Blue Candle"},{"floor":43,"key":"Strawberry"}],"event_choices":[{"damage_healed":0,"gold_gain":56,"player_choice":"Gained Gold","damage_taken":0,"max_hp_gain":0,"max_hp_loss":0,"event_name":"Golden Wing","floor":2,"gold_loss":0},{"cards_removed":["Strike_B"],"damage_healed":0,"gold_gain":0,"player_choice":"Card Removal","damage_taken":0,"max_hp_gain":0,"max_hp_loss":0,"event_name":"The Cleric","floor":3,"gold_loss":75},{"damage_healed":0,"gold_gain":50,"player_choice":"Touch","damage_taken":7,"max_hp_gain":0,"max_hp_loss":0,"event_name":"FaceTrader","floor":4,"gold_loss":0},{"damage_healed":0,"gold_gain":0,"player_choice":"Simplicity","damage_taken":0,"max_hp_gain":0,"max_hp_loss":0,"event_name":"Back to Basics","floor":20,"gold_loss":0,"cards_upgraded":["Strike_B","Strike_B","Defend_B","Defend_B","Defend_B","Defend_B"]},{"damage_healed":0,"gold_gain":0,"player_choice":"Fight","damage_taken":0,"max_hp_gain":0,"max_hp_loss":0,"event_name":"MindBloom","floor":38,"gold_loss":0},{"damage_healed":0,"gold_gain":0,"player_choice":"Rummage","damage_taken":0,"relics_obtained":["WarpedTongs"],"max_hp_gain":0,"max_hp_loss":0,"event_name":"Accursed Blacksmith","floor":44,"gold_loss":0,"cards_obtained":["Pain"]}],"is_beta":false,"boss_relics":[{"not_picked":["Pandora\u0027s Box","Fusion Hammer"],"picked":"Sozu"},{"not_picked":["Busted Crown","Runic Dome"],"picked":"Cursed Key"}],"items_purged_floors":[19],"is_endless":false,"potions_floor_spawned":[1,5,7,14,18,21,25,27,29,31,35,37,41,46],"killed_by":"Awakened One","ascension_level":20}