{"gold_per_floor":[113,131,149,74,74,74,93,129,197,220,295,295,20,95,95,211,211,282,381,31,72,135,200,200,239,239,239,289,28,78,78,78,169,169,194,106,106,150,198,198,233,233,233,247,288,84,84,133,133,158,208,208,208,50,90,90],"floor_reached":56,"playtime":5619,"items_purged":["Strike_B","Strike_B"],"score":1925,"play_id":"66d49bea-2560-4c72-bcc4-4be3334a0676","local_time":"20190907175510","is_ascension_mode":true,"campfire_choices":[{"data":"Zap","floor":6,"key":"SMITH"},{"floor":12,"key":"REST"},{"data":"Defragment","floor":15,"key":"SMITH"},{"data":"Biased Cognition","floor":24,"key":"SMITH"},{"floor":27,"key":"REST"},{"floor":32,"key":"REST"},{"data":"Capacitor","floor":40,"key":"SMITH"},{"floor":42,"key":"REST"},{"floor":47,"key":"RECALL"},{"floor":49,"key":"REST"},{"data":"Defragment","floor":53,"key":"SMITH"}],"neow_cost":"NONE","seed_source_timestamp":1683556189387500,"circlet_count":0,"master_deck":["AscendersBane","Defend_B","Zap+1","Dualcast","Sweeping Beam","Ball Lightning","Ball Lightning","Cold Snap","Go for the Eyes+1","Hologram","Defragment+1","HandOfGreed+1","Echo Form","Biased Cognition+1","Coolheaded","Leap","Capacitor+1","Compile Driver","Electrodynamics","Meteor Strike","FTL+1","Scrape+1","White Noise+1","Glacier","Recycle+1","Leap","Defragment+1"],"relics":["Cracked Core","Golden Idol","Incense Burner","Darkstone Periapt","Whetstone","Snecko Eye","Lee\u0027s Waffle","Red Mask","Thread and Needle","Art of War","Meat on the Bone","Lantern","Astrolabe","Vajra","DataDisk","Strawberry","Anchor"],"potions_floor_usage":[8,14,23,23,50,55],"damage_taken":[{"damage":5,"enemies":"2 Louse","floor":1,"turns":3},{"damage":2,"enemies":"Jaw Worm","floor":2,"turns":3},{"damage":0,"enemies":"Small Slimes","floor":3,"turns":2},{"damage":6,"enemies":"Blue Slaver","floor":7,"turns":3},{"damage":7,"enemies":"Gremlin Nob","floor":8,"turns":3},{"damage":2,"enemies":"Large Slime","floor":10,"turns":3},{"damage":10,"enemies":"3 Sentries","floor":14,"turns":5},{"damage":7,"enemies":"The Guardian","floor":16,"turns":8},{"damage":10,"enemies":"2 Thieves","floor":18,"turns":3},{"damage":0,"enemies":"3 Byrds","floor":19,"turns":5},{"damage":0,"enemies":"Snecko","floor":21,"turns":3},{"damage":15,"enemies":"Masked Bandits","floor":22,"turns":4},{"damage":8,"enemies":"Book of Stabbing","floor":23,"turns":5},{"damage":36,"enemies":"Gremlin Leader","floor":25,"turns":4},{"damage":11,"enemies":"Sentry and Sphere","floor":28,"turns":6},{"damage":31,"enemies":"Champ","floor":33,"turns":11},{"damage":2,"enemies":"Orb Walker","floor":35,"turns":3},{"damage":0,"enemies":"3 Shapes","floor":38,"turns":3},{"damage":0,"enemies":"Spire Growth","floor":39,"turns":5},{"damage":7,"enemies":"Giant Head","floor":41,"turns":9},{"damage":17,"enemies":"3 Darklings","floor":44,"turns":4},{"damage":14,"enemies":"Writhing Mass","floor":45,"turns":6},{"damage":0,"enemies":"Spire Growth","floor":48,"turns":4},{"damage":31,"enemies":"Awakened One","floor":50,"turns":11},{"damage":0,"enemies":"Donu and Deca","floor":51,"turns":6},{"damage":44,"enemies":"Shield and Spear","floor":55,"turns":6},{"damage":51,"enemies":"The Heart","floor":56,"turns":2}],"seed_played":"5368973734402636080","potions_obtained":[{"floor":2,"key":"Swift Potion"},{"floor":7,"key":"FocusPotion"},{"floor":8,"key":"Dexterity Potion"},{"floor":10,"key":"Fire Potion"},{"floor":21,"key":"Weak Potion"},{"floor":28,"key":"Strength Potion"},{"floor":37,"key":"SteroidPotion"},{"floor":38,"key":"Swift Potion"}],"is_trial":false,"path_per_floor":["M","M","M","?","?","R","M","E","T","M","?","R","$","E","R","B",null,"M","M","$","M","?","E","R","E","T","R","M","$","?","?","R","B",null,"M","$","?","M","M","R","E","R","T","M","M","$","R","M","R","B","B",null,"R","$","E","B"],"character_chosen":"DEFECT","items_purchased":["Defragment","HandOfGreed","Lee\u0027s Waffle","Explosive Potion","Lantern","Glacier","DataDisk","Defragment","Strawberry"],"campfire_rested":5,"item_purchase_floors":[13,13,20,20,29,36,46,46,54],"current_hp_per_floor":[59,57,57,57,57,57,51,44,44,42,31,50,50,40,40,33,56,46,46,71,71,56,48,48,12,12,33,34,34,34,34,55,36,62,60,60,60,60,60,60,53,71,71,54,40,40,40,40,61,42,42,64,64,71,39,0],"gold":90,"neow_bonus":"REMOVE_CARD","is_prod":false,"is_daily":false,"chose_seed":false,"campfire_upgraded":5,"win_rate":0,"timestamp":1567875310,"path_taken":["M","M","M","?","?","R","M","E","T","M","?","R","$","E","R","BOSS","M","M","$","M","?","E","R","E","T","R","M","$","?","?","R","BOSS","M","$","?","M","M","R","E","R","T","M","M","$","R","M","R","BOSS","BOSS","R","$","E","BOSS"],"build_version":"2019-07-17","purchased_purges":2,"victory":false,"max_hp_per_floor":[71,71,71,71,64,64,64,64,64,64,64,64,64,64,64,64,64,64,64,71,71,71,71,71,71,71,71,71,71,71,71,71,71,71,71,71,71,71,71,71,71,71,71,71,71,71,71,71,71,71,71,71,71,78,78,78],"card_choices":[{"not_picked":["Coolheaded","Static Discharge"],"picked":"Sweeping Beam","floor":1},{"not_picked":["Steam","Cold Snap"],"picked":"Ball Lightning","floor":2},{"not_picked":["Consume","Recycle"],"picked":"Ball Lightning","floor":3},{"not_picked":["Self Repair","Steam"],"picked":"Cold Snap","floor":7},{"not_picked":["Redo","Rebound"],"picked":"Go for the Eyes","floor":8},{"not_picked":["Consume","Turbo"],"picked":"Hologram","floor":10},{"not_picked":["Darkness","Cold Snap"],"picked":"Echo Form","floor":14},{"not_picked":["Rainbow","Echo Form"],"picked":"Biased Cognition","floor":16},{"not_picked":["Hello World+1","Leap"],"picked":"Coolheaded","floor":18},{"not_picked":["Darkness","Cold Snap"],"picked":"Leap","floor":19},{"not_picked":["Leap+1","Thunder Strike"],"picked":"Capacitor","floor":21},{"not_picked":["Stack","Static Discharge"],"picked":"Compile Driver","floor":22},{"not_picked":["Stack","Aggregate+1","Go for the Eyes"],"picked":"SKIP","floor":23},{"not_picked":["Beam Cell","Echo Form"],"picked":"Electrodynamics","floor":25},{"not_picked":["Rebound","Go for the Eyes","Cold Snap"],"picked":"SKIP","floor":28},{"not_picked":["Fission","Seek"],"picked":"Meteor Strike","floor":33},{"not_picked":["Coolheaded","Leap","Heatsinks"],"picked":"SKIP","floor":35},{"not_picked":["Redo","Steam Power+1","Beam Cell"],"picked":"SKIP","floor":38},{"not_picked":["Cold Snap","Hologram","Beam Cell"],"picked":"SKIP","floor":39},{"not_picked":["Electrodynamics","Self Repair"],"picked":"Recycle+1","floor":41},{"not_picked":["Fusion","Steam","Scrape"],"picked":"SKIP","floor":44},{"not_picked":["Turbo","Cold Snap"],"picked":"Leap","floor":45},{"not_picked":["Leap","Hello World+1","Streamline"],"picked":"SKIP","floor":48},{"not_picked":["Genetic Algorithm","Storm+1","Gash"],"picked":"SKIP","floor":55}],"player_experience":1646116,"relics_obtained":[{"floor":8,"key":"Incense Burner"},{"floor":9,"key":"Darkstone Periapt"},{"floor":14,"key":"Whetstone"},{"floor":22,"key":"Red Mask"},{"floor":23,"key":"Thread and Needle"},{"floor":25,"key":"Art of War"},{"floor":26,"key":"Meat on the Bone"},{"floor":41,"key":"Vajra"},{"floor":55,"key":"Anchor"}],"event_choices":[{"cards_removed":["Strike_B"],"damage_healed":0,"gold_gain":0,"player_choice":"Card Removal","damage_taken":0,"max_hp_gain":0,"max_hp_loss":0,"event_name":"The Cleric","floor":4,"gold_loss":75},{"damage_healed":0,"gold_gain":0,"player_choice":"Lose Max HP","damage_taken":0,"relics_obtained":["Golden Idol"],"max_hp_gain":0,"max_hp_loss":7,"event_name":"Golden Idol","floor":5,"gold_loss":0},{"damage_healed":0,"gold_gain":75,"player_choice":"Gather Gold","damage_taken":11,"max_hp_gain":0,"max_hp_loss":0,"event_name":"World of Goop","floor":11,"gold_loss":0},{"damage_healed":0,"gold_gain":0,"player_choice":"Fought Bandits","damage_taken":0,"max_hp_gain":0,"max_hp_loss":0,"event_name":"Masked Bandits","floor":22,"gold_loss":0},{"damage_healed":0,"gold_gain":50,"player_choice":"Stole From Cult","damage_taken":0,"max_hp_gain":0,"max_hp_loss":0,"event_name":"Nest","floor":30,"gold_loss":0},{"damage_healed":0,"gold_gain":0,"player_choice":"Ignored","damage_taken":0,"max_hp_gain":0,"max_hp_loss":0,"event_name":"Vampires","floor":31,"gold_loss":0},{"damage_healed":0,"gold_gain":0,"player_choice":"Got Potions","damage_taken":0,"max_hp_gain":0,"max_hp_loss":0,"event_name":"Lab","floor":37,"gold_loss":0}],"is_beta":false,"boss_relics":[{"not_picked":["Busted Crown","White Beast Statue"],"picked":"Snecko Eye"},{"not_picked":["Black Star","Lizard Tail"],"picked":"Astrolabe"}],"items_purged_floors":[20,29],"is_endless":false,"potions_floor_spawned":[2,7,8,10,21,22,28,38,48],"killed_by":"The Heart","ascension_level":20}