{"gold_per_floor":[118,129,142,16,31,65,65,65,120,145,160,176,176],"floor_reached":13,"playtime":699,"items_purged":["Defend_B"],"score":194,"play_id":"c48a2e3b-acee-422e-ac5d-8eb7eac50058","local_time":"20190830102851","is_ascension_mode":true,"campfire_choices":[{"floor":7.0,"key":"REST"}],"neow_cost":"NONE","seed_source_timestamp":970469641392400,"circlet_count":0,"master_deck":["AscendersBane","Strike_B","Strike_B","Defend_B","Defend_B","Defend_B","Zap","Dualcast","Stack","Static Discharge","Compile Driver","Ball Lightning","Hyperbeam","Hello World"],"special_seed":0,"relics":["Cracked Core","Singing Bowl","PreservedInsect","Art of War"],"potions_floor_usage":[],"damage_taken":[{"damage":1.0,"enemies":"Cultist","floor":1.0,"turns":3.0},{"damage":5.0,"enemies":"Small Slimes","floor":2.0,"turns":3.0},{"damage":0.0,"enemies":"2 Louse","floor":3.0,"turns":3.0},{"damage":10.0,"enemies":"Exordium Thugs","floor":5.0,"turns":4.0},{"damage":39.0,"enemies":"Gremlin Nob","floor":6.0,"turns":4.0},{"damage":25,"enemies":"Lagavulin","floor":10,"turns":5},{"damage":6,"enemies":"Looter","floor":11,"turns":3},{"damage":0,"enemies":"2 Fungi Beasts","floor":12,"turns":2},{"damage":10,"enemies":"3 Sentries","floor":13,"turns":1}],"seed_played":"-3573910112916031484","potions_obtained":[{"floor":1.0,"key":"Strength Potion"},{"floor":3.0,"key":"Poison Potion"},{"floor":6.0,"key":"Ancient Potion"}],"is_trial":false,"path_per_floor":["M","M","M","$","M","E","R","?","T","E","M","M","E"],"character_chosen":"DEFECT","items_purchased":["Compile Driver"],"campfire_rested":1,"item_purchase_floors":[4],"current_hp_per_floor":[63,58,58,58,48,9,30,30,30,7,3,5,0],"gold":176,"neow_bonus":"TRANSFORM_CARD","is_prod":false,"is_daily":false,"chose_seed":false,"campfire_upgraded":0,"win_rate":0,"timestamp":1567157331,"path_taken":["M","M","M","$","M","E","R","?","T","E","?","M","E"],"build_version":"2019-07-17","purchased_purges":1,"victory":false,"max_hp_per_floor":[71,71,71,71,71,71,71,71,71,73,75,77,77],"card_choices":[{"not_picked":["Genetic Algorithm","Skim"],"picked":"Static Discharge","floor":1.0},{"not_picked":["Steam","Leap","Turbo"],"picked":"SKIP","floor":2.0},{"not_picked":["Hologram","Turbo","Steam Power"],"picked":"SKIP","floor":3.0},{"not_picked":["Auto Shields","Go for the Eyes"],"picked":"Ball Lightning","floor":5.0},{"not_picked":["Cold Snap","Redo"],"picked":"Hyperbeam","floor":6.0},{"not_picked":["Conserve Battery","Rip and Tear","Melter"],"picked":"Singing Bowl","floor":10},{"not_picked":["Steam","Consume","Leap"],"picked":"Singing Bowl","floor":11},{"not_picked":["Streamline","Compile Driver","Coolheaded"],"picked":"Singing Bowl","floor":12}],"player_experience":1564547,"relics_obtained":[{"floor":6.0,"key":"Singing Bowl"},{"floor":9.0,"key":"PreservedInsect"},{"floor":10,"key":"Art of War"}],"event_choices":[{"damage_healed":0.0,"max_hp_gain":0.0,"max_hp_loss":0.0,"gold_gain":0.0,"cards_transformed":["Strike_B"],"event_name":"Transmorgrifier","player_choice":"Transformed","floor":8.0,"gold_loss":0.0,"damage_taken":0.0,"cards_obtained":["Hello World"]}],"is_beta":false,"boss_relics":[],"items_purged_floors":[4],"is_endless":false,"potions_floor_spawned":[1,3,6],"killed_by":"3 Sentries","ascension_level":20}