{"gold_per_floor":[109,109,126,126,138,138,172,172,199,218,218,230,265,278,278,356,356,375,375,395,411,411,411,469,394,394,71,83,483,483,72,72,72],"floor_reached":33,"playtime":2526,"items_purged":["White Noise","White Noise"],"score":625,"play_id":"4cff85d9-0fea-4b68-a448-034f1f5176e3","local_time":"20190906205834","is_ascension_mode":true,"campfire_choices":[{"data":"Sunder","floor":6.0,"key":"SMITH"},{"data":"Zap","floor":8.0,"key":"SMITH"},{"data":"Darkness","floor":11.0,"key":"SMITH"},{"data":"Compile Driver","floor":15.0,"key":"SMITH"},{"floor":23,"key":"REST"},{"floor":32,"key":"REST"}],"neow_cost":"NONE","seed_source_timestamp":1611164238413500,"circlet_count":0,"master_deck":["AscendersBane","Strike_B+1","Defend_B+1","Defend_B+1","Defend_B+1","Defend_B+1","Zap+1","Dualcast","Cold Snap","Sunder+1","Leap","Compile Driver+1","Darkness+1","Ball Lightning","Leap","Buffer","Compile Driver","Redo+1","Sweeping Beam+1","Defragment","Buffer","Defragment+1"],"special_seed":0,"relics":["Cracked Core","Pen Nib","Art of War","Orichalcum","Juzu Bracelet","Velvet Choker","Tiny Chest","Mango","Regal Pillow","Old Coin","Kunai","Frozen Egg 2","Potion Belt"],"potions_floor_usage":[29,29,33,33],"damage_taken":[{"damage":0.0,"enemies":"Small Slimes","floor":1.0,"turns":4.0},{"damage":0.0,"enemies":"2 Louse","floor":3.0,"turns":2.0},{"damage":0.0,"enemies":"Cultist","floor":5.0,"turns":4.0},{"damage":9.0,"enemies":"3 Sentries","floor":7.0,"turns":7.0},{"damage":3.0,"enemies":"3 Louse","floor":10.0,"turns":3.0},{"damage":0.0,"enemies":"Large Slime","floor":12.0,"turns":4.0},{"damage":0.0,"enemies":"Gremlin Nob","floor":13.0,"turns":3.0},{"damage":0.0,"enemies":"2 Fungi Beasts","floor":14.0,"turns":2.0},{"damage":35,"enemies":"Hexaghost","floor":16,"turns":8},{"damage":9,"enemies":"Shell Parasite","floor":18,"turns":5},{"damage":0,"enemies":"Spheric Guardian","floor":20,"turns":3},{"damage":43,"enemies":"Shelled Parasite and Fungi","floor":21,"turns":7},{"damage":20,"enemies":"Gremlin Leader","floor":24,"turns":7},{"damage":1,"enemies":"3 Cultists","floor":28,"turns":5},{"damage":5,"enemies":"Colosseum Slavers","floor":29,"turns":5},{"damage":8,"enemies":"Colosseum Nobs","floor":29,"turns":4},{"damage":77,"enemies":"Collector","floor":33,"turns":8}],"seed_played":"385800687647330592","potions_obtained":[{"floor":10.0,"key":"FearPotion"},{"floor":12.0,"key":"SkillPotion"},{"floor":13.0,"key":"Strength Potion"}],"is_trial":false,"path_per_floor":["M","?","M","?","M","R","E","R","T","M","R","M","E","M","R","B",null,"M","?","M","M","?","R","E","?","T","$","M","?","T","$","R","B"],"character_chosen":"DEFECT","items_purchased":["Regal Pillow","Defragment","Defragment+1","Potion Belt","AttackPotion","Strength Potion"],"campfire_rested":2,"item_purchase_floors":[27,27,31,31,31,31],"current_hp_per_floor":[64,69,69,69,69,69,60,60,60,57,57,57,57,57,57,22,63,54,54,54,11,11,33,13,13,27,27,26,13,13,13,55,0],"gold":72,"neow_bonus":"RANDOM_COMMON_RELIC","is_prod":false,"is_daily":false,"chose_seed":false,"campfire_upgraded":4,"win_rate":0,"timestamp":1567799914,"path_taken":["M","?","M","?","M","R","E","R","T","M","R","?","E","M","R","BOSS","M","?","M","M","?","R","E","?","T","$","M","?","?","?","R","BOSS"],"build_version":"2019-07-17","purchased_purges":2,"victory":false,"max_hp_per_floor":[71,76,76,76,76,76,76,76,76,76,76,76,76,76,76,76,76,76,76,76,76,76,76,76,76,90,90,90,90,90,90,90,90],"card_choices":[{"not_picked":["Leap","Conserve Battery"],"picked":"Cold Snap","floor":1.0},{"not_picked":["Hologram","Coolheaded"],"picked":"Sunder","floor":3.0},{"not_picked":["Stack","Recycle"],"picked":"Leap","floor":5.0},{"not_picked":["Streamline","Sweeping Beam"],"picked":"Compile Driver","floor":7.0},{"not_picked":["Meteor Strike","Conserve Battery"],"picked":"Darkness","floor":10.0},{"not_picked":["Steam","Barrage"],"picked":"Ball Lightning","floor":12.0},{"not_picked":["Amplify","Hologram"],"picked":"Leap","floor":13.0},{"not_picked":["Gash","Coolheaded","BootSequence"],"picked":"SKIP","floor":14.0},{"not_picked":["Creative AI","Amplify"],"picked":"Buffer","floor":16},{"not_picked":["Tempest","Storm"],"picked":"White Noise","floor":18},{"not_picked":["Conserve Battery","Compile Driver","Barrage"],"picked":"SKIP","floor":20},{"not_picked":["Conserve Battery","Barrage"],"picked":"Compile Driver","floor":20},{"not_picked":["Conserve Battery","Steam Power+1"],"picked":"Redo+1","floor":21},{"not_picked":["Barrage","Stack"],"picked":"Sweeping Beam+1","floor":24},{"not_picked":["Amplify","Beam Cell","Rebound"],"picked":"SKIP","floor":28},{"not_picked":["Stack","Cold Snap"],"picked":"Buffer","floor":29}],"player_experience":1632325,"relics_obtained":[{"floor":7.0,"key":"Art of War"},{"floor":9.0,"key":"Orichalcum"},{"floor":13.0,"key":"Juzu Bracelet"},{"floor":24,"key":"Tiny Chest"},{"floor":26,"key":"Mango"},{"floor":29,"key":"Old Coin"},{"floor":29,"key":"Kunai"},{"floor":30,"key":"Frozen Egg 2"}],"event_choices":[{"damage_healed":0.0,"max_hp_gain":5.0,"max_hp_loss":0.0,"gold_gain":0.0,"event_name":"Big Fish","player_choice":"Donut","floor":2.0,"gold_loss":0.0,"damage_taken":0.0},{"cards_removed":["Strike_B"],"damage_healed":0.0,"max_hp_gain":0.0,"max_hp_loss":0.0,"gold_gain":0.0,"event_name":"Purifier","player_choice":"Purged","floor":4.0,"gold_loss":0.0,"damage_taken":0.0},{"damage_healed":0,"gold_gain":0,"cards_transformed":["Strike_B","Strike_B"],"player_choice":"Became Test Subject","damage_taken":0,"max_hp_gain":0,"max_hp_loss":0,"event_name":"Drug Dealer","floor":19,"gold_loss":0,"cards_obtained":["White Noise","Aggregate"]},{"damage_healed":0,"gold_gain":0,"player_choice":"Simplicity","damage_taken":0,"max_hp_gain":0,"max_hp_loss":0,"event_name":"Back to Basics","floor":22,"gold_loss":0,"cards_upgraded":["Strike_B","Defend_B","Defend_B","Defend_B","Defend_B"]},{"cards_removed":["Aggregate"],"damage_healed":0,"gold_gain":0,"player_choice":"Gave Gold","damage_taken":0,"max_hp_gain":0,"max_hp_loss":0,"event_name":"Beggar","floor":25,"gold_loss":75},{"damage_healed":0,"gold_gain":0,"player_choice":"Fight","damage_taken":0,"max_hp_gain":0,"max_hp_loss":0,"event_name":"Colosseum","floor":29,"gold_loss":0},{"damage_healed":0,"gold_gain":0,"player_choice":"Fought Nobs","damage_taken":0,"max_hp_gain":0,"max_hp_loss":0,"event_name":"Colosseum","floor":29,"gold_loss":0}],"is_beta":false,"boss_relics":[{"not_picked":["Tiny House","Runic Pyramid"],"picked":"Velvet Choker"}],"items_purged_floors":[27,31],"is_endless":false,"potions_floor_spawned":[10,12,13,18,20,24],"killed_by":"Collector","ascension_level":20}