{"gold_per_floor":[109,109,109,129,129,164,164,178,178,37,70,83,95,95,95,170,170,190,10,10,0,16,43,43,43,91,34,34,34,64,74,74,148,148,158,175,192,28,28,53,3,30,55,67,67],"floor_reached":45,"playtime":3086,"items_purged":["Steam"],"score":1128,"play_id":"9526f2c8-b861-463d-a5e0-5aba4e2c42dc","local_time":"20190904010438","is_ascension_mode":true,"campfire_choices":[{"data":"Zap","floor":7,"key":"SMITH"},{"data":"Defragment","floor":15,"key":"SMITH"},{"floor":24,"key":"REST"},{"floor":28,"key":"REST"},{"data":"Buffer","floor":32,"key":"SMITH"}],"neow_cost":"NONE","seed_source_timestamp":1366252579951400,"circlet_count":0,"master_deck":["AscendersBane","Defend_B","Defend_B","Zap+1","Dualcast","Ball Lightning","Go for the Eyes","Defragment+1","Leap","Sunder","Genetic Algorithm","Buffer+1","Reboot+1","Fusion+1","Self Repair+1","Self Repair","Thunder Strike","Sweeping Beam","Reinforced Body","Coolheaded+1","Undo+1","Conserve Battery+1","Hologram+1","Chaos+1","Fission+1","Tempest+1","Stack+1","Defragment","Coolheaded+1","All For One","Stack+1"],"relics":["Cracked Core","NeowsBlessing","Mummified Hand","Dream Catcher","Mercury Hourglass","Astrolabe","Toxic Egg 2","Strawberry","Sundial","Question Card","Snecko Eye","Ginger","Letter Opener"],"potions_floor_usage":[16,23,23,23,25,33,40,42],"damage_taken":[{"damage":0,"enemies":"Small Slimes","floor":1,"turns":1},{"damage":0,"enemies":"2 Louse","floor":4,"turns":1},{"damage":0,"enemies":"Gremlin Nob","floor":6,"turns":1},{"damage":12,"enemies":"Jaw Worm","floor":8,"turns":2},{"damage":21,"enemies":"3 Sentries","floor":11,"turns":6},{"damage":0,"enemies":"2 Fungi Beasts","floor":12,"turns":1},{"damage":0,"enemies":"3 Louse","floor":13,"turns":2},{"damage":29,"enemies":"The Guardian","floor":16,"turns":9},{"damage":11,"enemies":"3 Byrds","floor":18,"turns":4},{"damage":6,"enemies":"Shell Parasite","floor":22,"turns":4},{"damage":59,"enemies":"Gremlin Leader","floor":23,"turns":8},{"damage":32,"enemies":"Book of Stabbing","floor":25,"turns":7},{"damage":14,"enemies":"Slavers","floor":30,"turns":7},{"damage":0,"enemies":"Snecko","floor":31,"turns":8},{"damage":21,"enemies":"Automaton","floor":33,"turns":12},{"damage":0,"enemies":"Orb Walker","floor":35,"turns":4},{"damage":22,"enemies":"3 Shapes","floor":36,"turns":5},{"damage":3,"enemies":"3 Darklings","floor":37,"turns":4},{"damage":42,"enemies":"Reptomancer","floor":40,"turns":7},{"damage":29,"enemies":"Nemesis","floor":42,"turns":9},{"damage":37,"enemies":"Writhing Mass","floor":44,"turns":8},{"damage":36,"enemies":"Reptomancer","floor":45,"turns":2}],"seed_played":"-6404180439361598868","potions_obtained":[{"floor":6,"key":"SneckoOil"},{"floor":11,"key":"GamblersBrew"},{"floor":12,"key":"SteroidPotion"},{"floor":13,"key":"Poison Potion"},{"floor":18,"key":"EntropicBrew"},{"floor":23,"key":"Strength Potion"},{"floor":30,"key":"FocusPotion"},{"floor":33,"key":"SteroidPotion"}],"is_trial":false,"path_per_floor":["M","?","?","M","?","E","R","M","T","$","E","M","M","?","R","B",null,"M","$","?","?","M","E","R","E","T","$","R","?","E","M","R","B",null,"M","M","M","$","?","E","$","E","T","M","E"],"character_chosen":"DEFECT","items_purchased":["Leap","Sunder","Thunder Strike","Conserve Battery+1","Defragment","Coolheaded+1"],"campfire_rested":2,"item_purchase_floors":[10,10,19,27,38,41],"current_hp_per_floor":[64,64,64,64,57,57,57,45,45,45,24,24,24,47,47,18,58,57,57,57,57,68,26,47,32,39,39,62,62,65,78,78,74,77,78,73,78,78,78,53,53,41,41,21,0],"gold":67,"neow_bonus":"THREE_ENEMY_KILL","is_prod":false,"is_daily":false,"chose_seed":false,"campfire_upgraded":3,"win_rate":0,"timestamp":1567555478,"path_taken":["M","?","?","M","?","E","R","?","T","$","E","M","M","?","R","BOSS","M","$","?","?","M","E","R","E","T","$","R","?","E","M","R","BOSS","M","M","?","$","?","E","$","E","T","M","E"],"build_version":"2019-07-17","purchased_purges":1,"victory":false,"max_hp_per_floor":[71,71,71,71,71,71,71,71,71,71,71,71,71,71,71,71,71,71,71,71,71,71,71,71,71,78,78,78,78,78,78,78,78,78,78,78,78,78,78,78,78,78,78,78,78],"card_choices":[{"not_picked":["Redo","White Noise","Steam Power"],"picked":"SKIP","floor":1},{"not_picked":["Rebound","Coolheaded"],"picked":"Ball Lightning","floor":4},{"not_picked":["Reinforced Body","Conserve Battery"],"picked":"Go for the Eyes","floor":6},{"not_picked":["FTL","Multi-Cast"],"picked":"Defragment","floor":8},{"not_picked":["Chill","Sweeping Beam"],"picked":"Genetic Algorithm","floor":11},{"not_picked":["Scrape","Hologram"],"picked":"Steam","floor":12},{"not_picked":["Barrage","Hologram","Rip and Tear"],"picked":"SKIP","floor":13},{"not_picked":["Reboot","Fission"],"picked":"Buffer","floor":16},{"not_picked":["Hologram","Beam Cell+1"],"picked":"Self Repair","floor":18},{"not_picked":["Go for the Eyes","Reinforced Body","Sweeping Beam"],"picked":"SKIP","floor":22},{"not_picked":["Cold Snap+1","Stack"],"picked":"Coolheaded","floor":23},{"not_picked":["Reprogram+1","Rebound"],"picked":"Undo+1","floor":24},{"not_picked":["Redo+1","Loop"],"picked":"Hologram+1","floor":30},{"not_picked":["Turbo+1","Beam Cell+1","Streamline"],"picked":"Chaos+1","floor":31},{"not_picked":["Meteor Strike","Seek+1","Reboot+1"],"picked":"Fission+1","floor":33},{"not_picked":["Auto Shields+1","Hologram+1","Redo+1"],"picked":"Tempest+1","floor":35},{"not_picked":["Go for the Eyes","Reinforced Body+1","Auto Shields+1","Aggregate+1"],"picked":"SKIP","floor":36},{"not_picked":["BootSequence+1","White Noise+1","Redo+1"],"picked":"Stack+1","floor":37},{"not_picked":["Steam+1","Storm","Sweeping Beam","Rebound"],"picked":"SKIP","floor":40},{"not_picked":["White Noise+1","Redo+1","Recycle+1"],"picked":"All For One","floor":42},{"not_picked":["Go for the Eyes","Skim+1","Steam+1"],"picked":"Stack+1","floor":44}],"player_experience":1615972,"relics_obtained":[{"floor":6,"key":"Mummified Hand"},{"floor":9,"key":"Dream Catcher"},{"floor":11,"key":"Mercury Hourglass"},{"floor":23,"key":"Toxic Egg 2"},{"floor":26,"key":"Strawberry"},{"floor":29,"key":"Sundial"},{"floor":30,"key":"Question Card"},{"floor":40,"key":"Ginger"},{"floor":42,"key":"Letter Opener"}],"event_choices":[{"damage_healed":0,"gold_gain":0,"player_choice":"Leave","damage_taken":0,"max_hp_gain":0,"max_hp_loss":0,"event_name":"The Cleric","floor":2,"gold_loss":0},{"damage_healed":0,"gold_gain":0,"player_choice":"Ignored","damage_taken":0,"max_hp_gain":0,"max_hp_loss":0,"event_name":"Liars Game","floor":3,"gold_loss":0},{"cards_removed":["Defend_B"],"damage_healed":0,"gold_gain":0,"player_choice":"Card Removal","damage_taken":7,"max_hp_gain":0,"max_hp_loss":0,"event_name":"Golden Wing","floor":5,"gold_loss":0},{"damage_healed":23,"gold_gain":0,"player_choice":"Banana","damage_taken":0,"max_hp_gain":0,"max_hp_loss":0,"event_name":"Big Fish","floor":14,"gold_loss":0},{"damage_healed":0,"gold_gain":0,"cards_transformed":["Strike_B","Defend_B"],"player_choice":"Became Test Subject","damage_taken":0,"max_hp_gain":0,"max_hp_loss":0,"event_name":"Drug Dealer","floor":20,"gold_loss":0,"cards_obtained":["Sweeping Beam","Reinforced Body"]},{"damage_healed":0,"gold_gain":0,"player_choice":"Paid Fearfully","damage_taken":0,"max_hp_gain":0,"max_hp_loss":0,"event_name":"Masked Bandits","floor":21,"gold_loss":10},{"damage_healed":0,"gold_gain":0,"player_choice":"Relic","damage_taken":0,"max_hp_gain":0,"max_hp_loss":0,"event_name":"Wheel of Change","floor":29,"gold_loss":0},{"damage_healed":0,"gold_gain":0,"player_choice":"Ignored","damage_taken":0,"max_hp_gain":0,"max_hp_loss":0,"event_name":"SecretPortal","floor":39,"gold_loss":0}],"is_beta":false,"boss_relics":[{"not_picked":["Runic Dome","Calling Bell"],"picked":"Astrolabe"},{"not_picked":["Cursed Key","Eternal Feather"],"picked":"Snecko Eye"}],"items_purged_floors":[38],"is_endless":false,"potions_floor_spawned":[6,11,12,13,18,23,30,33,35],"killed_by":"Reptomancer","ascension_level":20}