{"gold_per_floor":[116,126,91,91,91,155,171,171,218,238,238,273,273,316,316,407,407,432,432,432,450,470,470,508,508,535,535,551,551,594,594],"floor_reached":31,"playtime":1518,"items_purged":[],"score":582,"play_id":"e4a20a4a-adc6-48e9-b552-2195a9f4f615","local_time":"20190903231302","is_ascension_mode":true,"campfire_choices":[{"data":"Creative AI","floor":8,"key":"SMITH"},{"floor":11,"key":"REST"},{"floor":15,"key":"REST"},{"floor":23,"key":"REST"},{"data":"Electrodynamics","floor":25,"key":"SMITH"},{"floor":27,"key":"REST"}],"neow_cost":"NONE","seed_source_timestamp":1361124575917200,"circlet_count":0,"master_deck":["AscendersBane","Strike_B","Strike_B","Strike_B","Strike_B","Defend_B","Defend_B","Defend_B","Defend_B","Zap+1","Dualcast","Ball Lightning","Darkness","Creative AI+1","Cold Snap","Conserve Battery","Sunder+1","Electrodynamics+1","Leap","Go for the Eyes","Auto Shields+1"],"relics":["Cracked Core","Golden Idol","Tiny Chest","Regal Pillow","Ornamental Fan","Oddly Smooth Stone","Nuclear Battery","Unceasing Top","Juzu Bracelet","Dream Catcher"],"potions_floor_usage":[6,12,14,14,16,21,28,30,30,31],"damage_taken":[{"damage":6,"enemies":"2 Louse","floor":1,"turns":3},{"damage":0,"enemies":"Small Slimes","floor":2,"turns":2},{"damage":20,"enemies":"Lagavulin","floor":6,"turns":5},{"damage":7,"enemies":"Jaw Worm","floor":7,"turns":3},{"damage":14,"enemies":"Looter","floor":10,"turns":4},{"damage":16,"enemies":"3 Sentries","floor":12,"turns":7},{"damage":6,"enemies":"Gremlin Nob","floor":14,"turns":3},{"damage":50,"enemies":"Slime Boss","floor":16,"turns":9},{"damage":13,"enemies":"2 Thieves","floor":18,"turns":4},{"damage":17,"enemies":"Shell Parasite","floor":21,"turns":5},{"damage":20,"enemies":"Snake Plant","floor":22,"turns":4},{"damage":24,"enemies":"Gremlin Leader","floor":24,"turns":7},{"damage":34,"enemies":"Sentry and Sphere","floor":28,"turns":7},{"damage":25,"enemies":"Book of Stabbing","floor":30,"turns":5},{"damage":3,"enemies":"Centurion and Healer","floor":31,"turns":1}],"seed_played":"8560555885394832694","potions_obtained":[{"floor":0,"key":"FearPotion"},{"floor":0,"key":"SneckoOil"},{"floor":6,"key":"Fire Potion"},{"floor":12,"key":"Swift Potion"},{"floor":14,"key":"EssenceOfSteel"},{"floor":16,"key":"FocusPotion"},{"floor":18,"key":"AttackPotion"},{"floor":22,"key":"LiquidBronze"},{"floor":28,"key":"SteroidPotion"},{"floor":30,"key":"Swift Potion"}],"is_trial":false,"path_per_floor":["M","M","?","?","?","E","M","R","T","M","R","E","?","E","R","B",null,"M","?","?","M","M","R","E","R","T","R","M","?","E","M"],"character_chosen":"DEFECT","items_purchased":[],"campfire_rested":4,"item_purchase_floors":[],"current_hp_per_floor":[58,58,71,76,50,30,23,23,23,9,46,30,30,24,61,11,60,47,47,47,30,10,47,23,23,23,60,26,26,1,0],"gold":594,"neow_bonus":"THREE_SMALL_POTIONS","is_prod":false,"is_daily":false,"chose_seed":false,"campfire_upgraded":2,"win_rate":0,"timestamp":1567548782,"path_taken":["M","M","?","?","?","E","M","R","T","M","R","E","?","E","R","BOSS","M","?","?","M","M","R","E","R","T","R","M","?","E","M"],"build_version":"2019-07-17","purchased_purges":0,"victory":false,"max_hp_per_floor":[71,71,71,76,76,76,76,76,76,76,76,76,76,76,76,76,76,76,76,76,76,76,76,76,76,76,76,76,76,76,76],"card_choices":[{"not_picked":["Genetic Algorithm","Redo"],"picked":"Ball Lightning","floor":1},{"not_picked":["Streamline","Coolheaded"],"picked":"Darkness","floor":2},{"not_picked":["Beam Cell","Sweeping Beam"],"picked":"Creative AI","floor":6},{"not_picked":["Auto Shields","Heatsinks"],"picked":"Cold Snap","floor":7},{"not_picked":["Heatsinks","Scrape","BootSequence"],"picked":"SKIP","floor":10},{"not_picked":["Reinforced Body","Leap"],"picked":"Conserve Battery","floor":12},{"not_picked":["Barrage","Redo"],"picked":"Sunder","floor":14},{"not_picked":["Thunder Strike","Echo Form"],"picked":"Electrodynamics","floor":16},{"not_picked":["Streamline","Skim"],"picked":"Leap","floor":18},{"not_picked":["Rebound","Steam"],"picked":"Go for the Eyes","floor":21},{"not_picked":["White Noise","Hologram","Heatsinks"],"picked":"SKIP","floor":22},{"not_picked":["Heatsinks+1","Leap","Gash"],"picked":"SKIP","floor":24},{"not_picked":["Beam Cell","Heatsinks"],"picked":"Auto Shields+1","floor":28},{"not_picked":["Static Discharge","Hello World","Force Field"],"picked":"SKIP","floor":30}],"player_experience":1611458,"relics_obtained":[{"floor":6,"key":"Tiny Chest"},{"floor":9,"key":"Regal Pillow"},{"floor":12,"key":"Ornamental Fan"},{"floor":14,"key":"Oddly Smooth Stone"},{"floor":24,"key":"Unceasing Top"},{"floor":26,"key":"Juzu Bracelet"},{"floor":30,"key":"Dream Catcher"}],"event_choices":[{"damage_healed":17,"gold_gain":0,"player_choice":"Healed","damage_taken":0,"max_hp_gain":0,"max_hp_loss":0,"event_name":"The Cleric","floor":3,"gold_loss":35},{"damage_healed":0,"gold_gain":0,"player_choice":"Donut","damage_taken":0,"max_hp_gain":5,"max_hp_loss":0,"event_name":"Big Fish","floor":4,"gold_loss":0},{"damage_healed":0,"gold_gain":0,"player_choice":"Take Damage","damage_taken":26,"relics_obtained":["Golden Idol"],"max_hp_gain":0,"max_hp_loss":0,"event_name":"Golden Idol","floor":5,"gold_loss":0},{"damage_healed":0,"gold_gain":0,"player_choice":"Ignored","damage_taken":0,"max_hp_gain":0,"max_hp_loss":0,"event_name":"Shining Light","floor":13,"gold_loss":0},{"damage_healed":0,"gold_gain":0,"player_choice":"Ignored","damage_taken":0,"max_hp_gain":0,"max_hp_loss":0,"event_name":"The Mausoleum","floor":19,"gold_loss":0},{"damage_healed":0,"gold_gain":0,"player_choice":"Forge","damage_taken":0,"max_hp_gain":0,"max_hp_loss":0,"event_name":"Accursed Blacksmith","floor":20,"gold_loss":0,"cards_upgraded":["Sunder"]},{"damage_healed":0,"gold_gain":0,"player_choice":"Upgraded","damage_taken":0,"max_hp_gain":0,"max_hp_loss":0,"event_name":"Upgrade Shrine","floor":29,"gold_loss":0,"cards_upgraded":["Zap"]}],"is_beta":false,"boss_relics":[{"not_picked":["Runic Pyramid","White Beast Statue"],"picked":"Nuclear Battery"}],"items_purged_floors":[],"is_endless":false,"potions_floor_spawned":[6,10,12,14,16,18,22,28,30],"killed_by":"Centurion and Healer","ascension_level":20}