{"gold_per_floor":[10,25,25,35,35,35,46,46,46,46,80,80,80,113,113,202,202,223,223,223],"floor_reached":20,"playtime":1261,"items_purged":[],"score":360,"play_id":"bc8eaf46-8a7b-4cce-a010-5f225c997208","local_time":"20190901104155","is_ascension_mode":true,"campfire_choices":[{"data":"Darkness","floor":6,"key":"SMITH"},{"data":"Static Discharge","floor":8,"key":"SMITH"},{"data":"Hologram","floor":13,"key":"SMITH"},{"floor":15,"key":"REST"}],"neow_cost":"NO_GOLD","seed_source_timestamp":1143515940318200,"circlet_count":0,"master_deck":["AscendersBane","Zap+1","Dualcast","Darkness+1","Leap","Static Discharge+1","Cold Snap","Hologram+1","Loop","Cold Snap","Thunder Strike","Defragment","Gash","Sunder","Hello World","Genetic Algorithm","Biased Cognition","Static Discharge","Core Surge"],"relics":["Cracked Core","StoneCalendar","Letter Opener","Incense Burner","Golden Idol","Dream Catcher","Pandora\u0027s Box"],"potions_floor_usage":[14,16,20],"damage_taken":[{"damage":4,"enemies":"Jaw Worm","floor":1,"turns":4},{"damage":0,"enemies":"2 Louse","floor":2,"turns":2},{"damage":1,"enemies":"Small Slimes","floor":4,"turns":4},{"damage":0,"enemies":"2 Fungi Beasts","floor":7,"turns":3},{"damage":16,"enemies":"Lagavulin","floor":11,"turns":6},{"damage":24,"enemies":"3 Sentries","floor":14,"turns":4},{"damage":20,"enemies":"Slime Boss","floor":16,"turns":7},{"damage":32,"enemies":"3 Byrds","floor":18,"turns":3},{"damage":22,"enemies":"Shell Parasite","floor":20,"turns":5}],"seed_played":"6129606284720560801","potions_obtained":[{"floor":2,"key":"Dexterity Potion"},{"floor":7,"key":"Swift Potion"},{"floor":18,"key":"Dexterity Potion"}],"is_trial":false,"path_per_floor":["M","M","?","M","?","R","M","R","T","?","E","?","R","E","R","B",null,"M","?","M"],"character_chosen":"DEFECT","items_purchased":[],"campfire_rested":1,"item_purchase_floors":[],"current_hp_per_floor":[60,60,60,59,59,59,59,59,59,59,43,43,43,19,38,18,53,21,21,0],"gold":223,"neow_bonus":"ONE_RARE_RELIC","is_prod":false,"is_daily":false,"chose_seed":false,"campfire_upgraded":3,"win_rate":0,"timestamp":1567330915,"path_taken":["M","M","?","M","?","R","M","R","T","?","E","?","R","E","R","BOSS","M","?","?"],"build_version":"2019-07-17","purchased_purges":0,"victory":false,"max_hp_per_floor":[71,71,71,71,71,71,71,71,71,71,71,64,64,64,64,64,64,64,64,64],"card_choices":[{"not_picked":["Rebound","Loop"],"picked":"Darkness","floor":1},{"not_picked":["Beam Cell","Blizzard"],"picked":"Leap","floor":2},{"not_picked":["Rebound","Redo"],"picked":"Static Discharge","floor":4},{"not_picked":["Barrage","Turbo"],"picked":"Cold Snap","floor":7},{"not_picked":["Force Field","Beam Cell"],"picked":"Hologram","floor":11},{"not_picked":["Fission","Coolheaded"],"picked":"Loop","floor":14},{"not_picked":["Blizzard","Coolheaded"],"picked":"Cold Snap","floor":15},{"not_picked":["All For One","Echo Form"],"picked":"Thunder Strike","floor":16},{"not_picked":["Steam","Rebound+1","Coolheaded"],"picked":"SKIP","floor":18}],"player_experience":1584907,"relics_obtained":[{"floor":9,"key":"Letter Opener"},{"floor":11,"key":"Incense Burner"},{"floor":14,"key":"Dream Catcher"}],"event_choices":[{"damage_healed":0,"gold_gain":0,"player_choice":"Grow","damage_taken":0,"max_hp_gain":0,"max_hp_loss":0,"event_name":"Living Wall","floor":3,"gold_loss":0,"cards_upgraded":["Zap"]},{"damage_healed":0,"gold_gain":0,"player_choice":"Ignored","damage_taken":0,"max_hp_gain":0,"max_hp_loss":0,"event_name":"Liars Game","floor":5,"gold_loss":0},{"damage_healed":0,"gold_gain":0,"player_choice":"Ignored","damage_taken":0,"max_hp_gain":0,"max_hp_loss":0,"event_name":"Shining Light","floor":10,"gold_loss":0},{"damage_healed":0,"gold_gain":0,"player_choice":"Lose Max HP","damage_taken":0,"relics_obtained":["Golden Idol"],"max_hp_gain":0,"max_hp_loss":7,"event_name":"Golden Idol","floor":12,"gold_loss":0},{"damage_healed":0,"gold_gain":0,"player_choice":"Ignored","damage_taken":0,"max_hp_gain":0,"max_hp_loss":0,"event_name":"N\u0027loth","floor":19,"gold_loss":0}],"is_beta":false,"boss_relics":[{"not_picked":["Orrery","Calling Bell"],"picked":"Pandora\u0027s Box"}],"items_purged_floors":[],"is_endless":false,"potions_floor_spawned":[2,7,18],"killed_by":"Shell Parasite","ascension_level":20}