{"gold_per_floor":[209,209,223,238,258,287,287,318,318,318,336,336,363,363,363,437,437,449,463,19,37,52,52,64,64,117,117,97,97],"floor_reached":29,"playtime":1310,"items_purged":["Strike_B"],"score":490,"play_id":"147e3920-5202-4c4a-b716-268350bb21d4","local_time":"20190831213319","is_ascension_mode":true,"campfire_choices":[{"floor":7,"key":"REST"},{"floor":10,"key":"REST"},{"data":"Zap","floor":12,"key":"SMITH"},{"floor":15,"key":"REST"},{"floor":23,"key":"REST"},{"floor":27,"key":"REST"}],"neow_cost":"NONE","seed_source_timestamp":1096150322364700,"circlet_count":0,"master_deck":["AscendersBane","Strike_B","Strike_B","Strike_B","Defend_B","Defend_B","Defend_B","Zap+1","Dualcast","Gash","Leap","Sweeping Beam","Coolheaded","Loop","Electrodynamics","Rainbow","Echo Form","Glacier","Defragment","Defragment","Compile Driver","Defragment"],"relics":["Cracked Core","Calipers","Thread and Needle","The Courier","Question Card","Fusion Hammer","Symbiotic Virus","Bronze Scales"],"potions_floor_usage":[6,6,8,13,13,16,18,21,29,29],"damage_taken":[{"damage":5,"enemies":"Small Slimes","floor":1,"turns":3},{"damage":0,"enemies":"Cultist","floor":3,"turns":4},{"damage":8,"enemies":"2 Louse","floor":4,"turns":3},{"damage":11,"enemies":"Lots of Slimes","floor":5,"turns":4},{"damage":14,"enemies":"Gremlin Nob","floor":6,"turns":3},{"damage":23,"enemies":"Lagavulin","floor":8,"turns":7},{"damage":0,"enemies":"Blue Slaver","floor":11,"turns":4},{"damage":16,"enemies":"3 Sentries","floor":13,"turns":3},{"damage":33,"enemies":"The Guardian","floor":16,"turns":10},{"damage":0,"enemies":"Spheric Guardian","floor":18,"turns":3},{"damage":9,"enemies":"Shell Parasite","floor":19,"turns":5},{"damage":15,"enemies":"Shelled Parasite and Fungi","floor":21,"turns":3},{"damage":9,"enemies":"Snecko","floor":22,"turns":5},{"damage":26,"enemies":"Centurion and Healer","floor":24,"turns":5},{"damage":43,"enemies":"Shelled Parasite and Fungi","floor":29,"turns":4}],"seed_played":"-5475879741305515997","potions_obtained":[{"floor":1,"key":"Poison Potion"},{"floor":5,"key":"Fire Potion"},{"floor":6,"key":"Energy Potion"},{"floor":11,"key":"EntropicBrew"},{"floor":13,"key":"Fire Potion"},{"floor":18,"key":"EssenceOfSteel"},{"floor":21,"key":"Poison Potion"},{"floor":28,"key":"Explosive Potion"}],"is_trial":false,"path_per_floor":["M","?","M","M","M","E","R","E","T","R","M","R","E","?","R","B",null,"M","M","$","M","M","R","M","?","T","R","?","M"],"character_chosen":"DEFECT","items_purchased":["Defragment","Defragment","Symbiotic Virus","PowerPotion"],"campfire_rested":5,"item_purchase_floors":[20,20,20,20],"current_hp_per_floor":[59,59,59,51,40,26,47,24,24,45,45,45,29,19,40,7,55,55,46,46,31,22,43,17,17,17,38,38,0],"gold":97,"neow_bonus":"HUNDRED_GOLD","is_prod":false,"is_daily":false,"chose_seed":false,"campfire_upgraded":1,"win_rate":0,"timestamp":1567283599,"path_taken":["M","?","M","M","?","E","R","E","T","R","M","R","E","?","R","BOSS","M","M","$","?","?","R","M","?","T","R","?","M"],"build_version":"2019-07-17","purchased_purges":1,"victory":false,"max_hp_per_floor":[71,71,71,71,71,71,71,71,71,71,71,71,71,71,71,71,71,71,71,71,71,71,71,71,71,71,71,71,71],"card_choices":[{"not_picked":["Hologram","White Noise"],"picked":"Gash","floor":1},{"not_picked":["Capacitor","Aggregate","BootSequence"],"picked":"SKIP","floor":3},{"not_picked":["Fusion","Barrage","Chill"],"picked":"SKIP","floor":4},{"not_picked":["Conserve Battery","Hologram"],"picked":"Sweeping Beam","floor":5},{"not_picked":["Capacitor","Hologram"],"picked":"Coolheaded","floor":6},{"not_picked":["Steam Power","Heatsinks"],"picked":"Loop","floor":8},{"not_picked":["Compile Driver","Conserve Battery"],"picked":"Electrodynamics","floor":11},{"not_picked":["Heatsinks","Sweeping Beam"],"picked":"Rainbow","floor":13},{"not_picked":["Buffer","All For One","Creative AI"],"picked":"Echo Form","floor":16},{"not_picked":["Go for the Eyes","Gash","Steam"],"picked":"Glacier","floor":18},{"not_picked":["Consume+1","Leap","Auto Shields","Double Energy+1"],"picked":"SKIP","floor":19},{"not_picked":["Rebound+1","Go for the Eyes","Beam Cell"],"picked":"Compile Driver","floor":21},{"not_picked":["Auto Shields","Steam Power+1","Streamline","Doom and Gloom"],"picked":"SKIP","floor":22},{"not_picked":["Beam Cell","Turbo+1","Fusion"],"picked":"Defragment","floor":24}],"player_experience":1580787,"relics_obtained":[{"floor":6,"key":"Calipers"},{"floor":8,"key":"Thread and Needle"},{"floor":9,"key":"The Courier"},{"floor":13,"key":"Question Card"},{"floor":26,"key":"Bronze Scales"}],"event_choices":[{"damage_healed":0,"gold_gain":0,"cards_transformed":["Defend_B"],"player_choice":"Transformed","damage_taken":0,"max_hp_gain":0,"max_hp_loss":0,"event_name":"Transmorgrifier","floor":2,"gold_loss":0,"cards_obtained":["Leap"]},{"damage_healed":0,"gold_gain":0,"player_choice":"Damaged","damage_taken":10,"max_hp_gain":0,"max_hp_loss":0,"event_name":"Wheel of Change","floor":14,"gold_loss":0},{"damage_healed":0,"gold_gain":0,"player_choice":"Ignored","damage_taken":0,"max_hp_gain":0,"max_hp_loss":0,"event_name":"The Mausoleum","floor":25,"gold_loss":0},{"damage_healed":0,"gold_gain":0,"player_choice":"Bought 1 Potion","damage_taken":0,"max_hp_gain":0,"max_hp_loss":0,"event_name":"The Woman in Blue","floor":28,"gold_loss":0}],"is_beta":false,"boss_relics":[{"not_picked":["FrozenCore","White Beast Statue"],"picked":"Fusion Hammer"}],"items_purged_floors":[20],"is_endless":false,"potions_floor_spawned":[1,5,6,11,13,18,21],"killed_by":"Shelled Parasite and Fungi","ascension_level":20}