{"gold_per_floor":[212,212,287,307,322,322,353,353,353,383,383],"floor_reached":11,"playtime":427,"items_purged":[],"score":162,"play_id":"dbdebe03-86a1-4f79-97ad-f9dc79930797","local_time":"20200128214105","is_ascension_mode":true,"campfire_choices":[{"data":"Zap","floor":6,"key":"SMITH"},{"floor":8,"key":"REST"}],"neow_cost":"NONE","seed_source_timestamp":1190366468468800,"circlet_count":0,"master_deck":["AscendersBane","Strike_B","Strike_B","Strike_B","Strike_B","Defend_B","Defend_B","Defend_B","Defend_B","Zap+1","Dualcast","Cold Snap","Loop","Cold Snap","Leap","Ball Lightning"],"relics":["Cracked Core","WingedGreaves","Du-Vu Doll","The Courier"],"potions_floor_usage":[7],"damage_taken":[{"damage":1,"enemies":"Cultist","floor":1,"turns":3},{"damage":7,"enemies":"Jaw Worm","floor":4,"turns":3},{"damage":5,"enemies":"Small Slimes","floor":5,"turns":3},{"damage":40,"enemies":"Gremlin Nob","floor":7,"turns":6},{"damage":13,"enemies":"Lagavulin","floor":10,"turns":7},{"damage":17,"enemies":"3 Louse","floor":11,"turns":1}],"seed_played":"5894627996461701189","potions_obtained":[{"floor":1,"key":"SpeedPotion"}],"is_trial":false,"path_per_floor":["M","?","?","M","M","R","E","R","T","E","M"],"character_chosen":"DEFECT","items_purchased":[],"campfire_rested":1,"item_purchase_floors":[],"current_hp_per_floor":[63,68,57,50,45,45,5,27,27,14,0],"gold":383,"neow_bonus":"HUNDRED_GOLD","is_prod":false,"is_daily":false,"chose_seed":false,"campfire_upgraded":1,"win_rate":0,"timestamp":1580247665,"path_taken":["M","?","?","M","M","R","E","R","T","E","M"],"build_version":"2020-01-27","purchased_purges":0,"victory":false,"max_hp_per_floor":[71,76,76,76,76,76,76,76,76,76,76],"card_choices":[{"not_picked":["Blizzard","Sweeping Beam"],"picked":"Cold Snap","floor":1},{"not_picked":["Rip and Tear","Coolheaded"],"picked":"Loop","floor":4},{"not_picked":["Coolheaded","Go for the Eyes"],"picked":"Cold Snap","floor":5},{"not_picked":["FTL","Stack"],"picked":"Leap","floor":7},{"not_picked":["Redo","Meteor Strike"],"picked":"Ball Lightning","floor":10}],"player_experience":2083251,"relics_obtained":[{"floor":7,"key":"WingedGreaves"},{"floor":9,"key":"Du-Vu Doll"},{"floor":10,"key":"The Courier"}],"event_choices":[{"damage_healed":0,"gold_gain":0,"player_choice":"Donut","damage_taken":0,"max_hp_gain":5,"max_hp_loss":0,"event_name":"Big Fish","floor":2,"gold_loss":0},{"damage_healed":0,"gold_gain":75,"player_choice":"Gather Gold","damage_taken":11,"max_hp_gain":0,"max_hp_loss":0,"event_name":"World of Goop","floor":3,"gold_loss":0}],"is_beta":true,"boss_relics":[],"items_purged_floors":[],"is_endless":false,"potions_floor_spawned":[1],"killed_by":"3 Louse","ascension_level":20}