{"gold_per_floor":[114,114,127,137,155,189,189,216,239,254,277,277,297,325,325,403,403,417,417,432,29,29,29],"floor_reached":23,"playtime":1161,"items_purged":["Strike_B"],"score":426,"play_id":"498202f1-f8fd-4a09-b725-6b410b7b48ba","local_time":"20200130211256","is_ascension_mode":true,"campfire_choices":[{"data":"Defragment","floor":7.0,"key":"SMITH"},{"floor":12.0,"key":"REST"},{"data":"Go for the Eyes","floor":15,"key":"SMITH"}],"neow_cost":"NONE","seed_source_timestamp":1360716405357500,"circlet_count":0,"master_deck":["AscendersBane","Strike_B","Strike_B","Strike_B","Defend_B","Defend_B","Defend_B","Defend_B","Zap","Dualcast","Ball Lightning","Ball Lightning","Defragment+1","Conserve Battery","FTL","Go for the Eyes+1","Genetic Algorithm","Echo Form","Leap"],"special_seed":0,"relics":["Cracked Core","Singing Bowl","Boot","Lantern","Orichalcum","PreservedInsect","Black Star","GremlinMask","Bag of Preparation","Sling"],"potions_floor_usage":[14,22,22],"damage_taken":[{"damage":0.0,"enemies":"2 Louse","floor":1.0,"turns":1.0},{"damage":1.0,"enemies":"Cultist","floor":3.0,"turns":3.0},{"damage":4.0,"enemies":"Small Slimes","floor":4.0,"turns":3.0},{"damage":2.0,"enemies":"Exordium Wildlife","floor":5.0,"turns":2.0},{"damage":20.0,"enemies":"Lagavulin","floor":6.0,"turns":5.0},{"damage":8.0,"enemies":"Gremlin Nob","floor":8.0,"turns":3.0},{"damage":11.0,"enemies":"3 Louse","floor":10.0,"turns":4.0},{"damage":0.0,"enemies":"Looter","floor":13.0,"turns":3.0},{"damage":8,"enemies":"3 Sentries","floor":14,"turns":4},{"damage":22,"enemies":"Hexaghost","floor":16,"turns":8},{"damage":18,"enemies":"3 Byrds","floor":18,"turns":4},{"damage":13,"enemies":"Chosen","floor":20,"turns":5},{"damage":4,"enemies":"Centurion and Healer","floor":22,"turns":3},{"damage":33,"enemies":"Slavers","floor":23,"turns":2}],"seed_played":"-8889632070420981578","potions_obtained":[{"floor":0.0,"key":"CultistPotion"},{"floor":0.0,"key":"FearPotion"},{"floor":6.0,"key":"PowerPotion"},{"floor":8.0,"key":"SpeedPotion"},{"floor":10.0,"key":"Regen Potion"},{"floor":18,"key":"SmokeBomb"}],"is_trial":false,"path_per_floor":["M","?","M","M","M","E","R","E","T","M","T","R","M","E","R","B",null,"M","?","M","$","M","E"],"character_chosen":"DEFECT","items_purchased":["Bag of Preparation","Sling"],"campfire_rested":1,"item_purchase_floors":[21,21],"current_hp_per_floor":[64,60,59,55,53,33,33,25,25,14,14,35,37,29,29,7,57,39,39,28,28,29,0],"gold":29,"neow_bonus":"THREE_SMALL_POTIONS","is_prod":false,"is_daily":false,"chose_seed":false,"campfire_upgraded":2,"win_rate":0,"timestamp":1580418776,"path_taken":["M","?","?","M","M","E","R","E","T","M","?","R","?","E","R","BOSS","M","?","M","$","M","E"],"build_version":"2020-01-27","purchased_purges":1,"victory":false,"max_hp_per_floor":[71,71,71,71,71,71,71,71,71,71,71,71,73,73,73,73,73,73,73,75,75,75,75],"card_choices":[{"not_picked":["Stack","Streamline","Meteor Strike"],"picked":"SKIP","floor":1.0},{"not_picked":["Steam","Hologram"],"picked":"Ball Lightning","floor":3.0},{"not_picked":["Self Repair","Genetic Algorithm"],"picked":"Ball Lightning","floor":4.0},{"not_picked":["Conserve Battery","Turbo"],"picked":"Defragment","floor":5.0},{"not_picked":["Turbo","Streamline"],"picked":"Conserve Battery","floor":6.0},{"not_picked":["Ball Lightning","Chaos"],"picked":"FTL","floor":8.0},{"not_picked":["Hologram","Force Field"],"picked":"Go for the Eyes","floor":10.0},{"not_picked":["Redo","Turbo","Gash"],"picked":"Singing Bowl","floor":13.0},{"not_picked":["Tempest","Go for the Eyes"],"picked":"Genetic Algorithm","floor":14},{"not_picked":["Rainbow","Fission"],"picked":"Echo Form","floor":16},{"not_picked":["Gash","Compile Driver"],"picked":"Leap","floor":18},{"not_picked":["Barrage","Hologram","Leap"],"picked":"Singing Bowl","floor":20}],"player_experience":2101458,"relics_obtained":[{"floor":6.0,"key":"Singing Bowl"},{"floor":8.0,"key":"Boot"},{"floor":9.0,"key":"Lantern"},{"floor":11.0,"key":"Orichalcum"},{"floor":14,"key":"PreservedInsect"}],"event_choices":[{"damage_healed":0.0,"max_hp_gain":0.0,"max_hp_loss":0.0,"gold_gain":0.0,"event_name":"The Woman in Blue","player_choice":"Bought 0 Potions","floor":2.0,"gold_loss":0.0,"damage_taken":0.0},{"damage_healed":0,"gold_gain":0,"player_choice":"Trade","damage_taken":0,"relics_obtained":["GremlinMask"],"max_hp_gain":0,"max_hp_loss":0,"event_name":"FaceTrader","floor":19,"gold_loss":0}],"is_beta":true,"boss_relics":[{"not_picked":["Tiny House","Nuclear Battery"],"picked":"Black Star"}],"items_purged_floors":[21],"is_endless":false,"potions_floor_spawned":[5,6,8,10,13,18],"killed_by":"Slavers","ascension_level":20}