{"gold_per_floor":[113,113,113,59,59,93,93,93,116,155,155,195,120,129,129,210,210,229,72,93,18,27,27,27],"floor_reached":24,"playtime":1010,"items_purged":["Pain"],"score":562,"play_id":"157a52b5-5ebe-42d3-884b-51d345651ea7","local_time":"20200128215808","is_ascension_mode":true,"campfire_choices":[{"data":"Doom and Gloom","floor":7,"key":"SMITH"},{"data":"Darkness","floor":11,"key":"SMITH"},{"data":"1","floor":15,"key":"LIFT"},{"floor":23,"key":"REST"}],"neow_cost":"NONE","seed_source_timestamp":1190805852031600,"circlet_count":0,"master_deck":["AscendersBane","Strike_B","Strike_B","Strike_B","Defend_B","Defend_B","Defend_B","Defend_B","Zap+1","Dualcast","Go for the Eyes","Cold Snap","Doom and Gloom+1","Darkness+1","Compile Driver","Creative AI","Leap+1","Decay"],"relics":["Cracked Core","NeowsBlessing","Nunchaku","PreservedInsect","Juzu Bracelet","Oddly Smooth Stone","CeramicFish","Girya","WarpedTongs","Snecko Eye","Runic Capacitor"],"potions_floor_usage":[],"damage_taken":[{"damage":0,"enemies":"Jaw Worm","floor":1,"turns":1},{"damage":0,"enemies":"3 Sentries","floor":6,"turns":1},{"damage":0,"enemies":"Gremlin Nob","floor":10,"turns":1},{"damage":0,"enemies":"Lagavulin","floor":12,"turns":4},{"damage":50,"enemies":"The Guardian","floor":16,"turns":8},{"damage":21,"enemies":"Shell Parasite","floor":18,"turns":5},{"damage":7,"enemies":"Spheric Guardian","floor":20,"turns":3},{"damage":51,"enemies":"Book of Stabbing","floor":24,"turns":5}],"seed_played":"4359921929783697999","potions_obtained":[{"floor":1,"key":"Block Potion"},{"floor":10,"key":"FearPotion"},{"floor":16,"key":"SteroidPotion"}],"is_trial":false,"path_per_floor":["M","?","?","$","T","E","R","?","T","E","R","E","?","?","R","B",null,"M","$","M","$","?","R","E"],"character_chosen":"DEFECT","items_purchased":["Cold Snap","Runic Capacitor"],"campfire_rested":1,"item_purchase_floors":[4,19],"current_hp_per_floor":[64,64,59,59,59,59,59,59,59,59,59,59,59,59,59,9,56,35,35,28,28,28,49,0],"gold":27,"neow_bonus":"THREE_ENEMY_KILL","is_prod":false,"is_daily":false,"chose_seed":false,"campfire_upgraded":2,"win_rate":0,"timestamp":1580248688,"path_taken":["M","?","?","$","?","E","R","?","T","E","R","E","?","?","R","BOSS","M","$","M","$","?","R","E"],"build_version":"2020-01-27","purchased_purges":1,"victory":false,"max_hp_per_floor":[71,71,71,71,71,71,71,71,71,71,71,71,71,71,71,71,71,71,71,71,71,71,71,71],"card_choices":[{"not_picked":["Tempest","Gash"],"picked":"Go for the Eyes","floor":1},{"not_picked":["Gash","Rebound"],"picked":"Doom and Gloom","floor":6},{"not_picked":["Undo","White Noise"],"picked":"Darkness","floor":10},{"not_picked":["Loop","Conserve Battery"],"picked":"Compile Driver","floor":12},{"not_picked":["Fission","Amplify"],"picked":"Creative AI","floor":16},{"not_picked":["Rip and Tear","Gash","Fusion+1"],"picked":"SKIP","floor":18},{"not_picked":["Steam","Streamline"],"picked":"Leap+1","floor":20}],"player_experience":2083678,"relics_obtained":[{"floor":5,"key":"PreservedInsect"},{"floor":6,"key":"Juzu Bracelet"},{"floor":9,"key":"Oddly Smooth Stone"},{"floor":10,"key":"CeramicFish"},{"floor":12,"key":"Girya"}],"event_choices":[{"damage_healed":0,"gold_gain":0,"player_choice":"Grow","damage_taken":0,"max_hp_gain":0,"max_hp_loss":0,"event_name":"Living Wall","floor":2,"gold_loss":0,"cards_upgraded":["Zap"]},{"damage_healed":0,"gold_gain":0,"player_choice":"Success","damage_taken":5,"relics_obtained":["Nunchaku"],"max_hp_gain":0,"max_hp_loss":0,"event_name":"Scrap Ooze","floor":3,"gold_loss":0},{"damage_healed":0,"gold_gain":0,"player_choice":"0 cards matched","damage_taken":0,"max_hp_gain":0,"max_hp_loss":0,"event_name":"Match and Keep!","floor":8,"gold_loss":0,"cards_obtained":[]},{"cards_removed":["Strike_B"],"damage_healed":0,"gold_gain":0,"player_choice":"Card Removal","damage_taken":0,"max_hp_gain":0,"max_hp_loss":0,"event_name":"The Cleric","floor":13,"gold_loss":75},{"damage_healed":0,"gold_gain":0,"player_choice":"Rummage","damage_taken":0,"relics_obtained":["WarpedTongs"],"max_hp_gain":0,"max_hp_loss":0,"event_name":"Accursed Blacksmith","floor":14,"gold_loss":0,"cards_obtained":["Pain"]},{"damage_healed":0,"gold_gain":0,"player_choice":"Cursed","damage_taken":0,"max_hp_gain":0,"max_hp_loss":0,"event_name":"Wheel of Change","floor":22,"gold_loss":0,"cards_obtained":["Decay"]}],"is_beta":true,"boss_relics":[{"not_picked":["Busted Crown","Runic Dome"],"picked":"Snecko Eye"}],"items_purged_floors":[21],"is_endless":false,"potions_floor_spawned":[1,10,16,20],"killed_by":"Book of Stabbing","ascension_level":20}