{"gold_per_floor":[119,138,157,157,157,157,189,189,189,218,218,218,218,231,231,302,302,320,334,334,334,259,259,285,302,356,389,389,401,14,28,28,102,102,115,115,130,141,152,152,178,178,178,178,190,204,229,264,264,264,264,264,264,71,98,98],"floor_reached":56,"playtime":6131,"items_purged":["Storm","Strike_B"],"score":1960,"play_id":"3481c050-a11d-4639-8086-ece50b3de4b0","local_time":"20200129203956","is_ascension_mode":true,"campfire_choices":[{"data":"Go for the Eyes","floor":6.0,"key":"SMITH"},{"data":"Cold Snap","floor":8.0,"key":"SMITH"},{"data":"1","floor":11.0,"key":"LIFT"},{"data":"2","floor":13.0,"key":"LIFT"},{"data":"3","floor":15.0,"key":"LIFT"},{"floor":23.0,"key":"REST"},{"floor":28.0,"key":"REST"},{"floor":32.0,"key":"RECALL"},{"floor":40,"key":"REST"},{"floor":42,"key":"REST"},{"floor":44,"key":"REST"},{"floor":49,"key":"REST"},{"floor":53,"key":"REST"}],"neow_cost":"NONE","seed_source_timestamp":1267359020136100,"circlet_count":0,"master_deck":["AscendersBane","Defend_B","Defend_B","Defend_B+1","Defend_B","Zap+1","Dualcast","Hologram","Go for the Eyes+1","Defragment+1","Cold Snap+1","Sweeping Beam","Glacier+1","Echo Form","Ball Lightning","RitualDagger","FTL","Sweeping Beam+1","Coolheaded+1","Seek","Barrage+1","Blizzard+1","Defragment","Leap","Loop","Stack+1","Doom and Gloom+1","Go for the Eyes+1","Beam Cell+1","Leap","Leap","Turbo"],"special_seed":0,"relics":["Cracked Core","Thread and Needle","Girya","Art of War","Fusion Hammer","Molten Egg 2","War Paint","Toy Ornithopter","Pantograph","Runic Pyramid","Centennial Puzzle","Pocketwatch","MealTicket","Orrery","Dead Branch"],"potions_floor_usage":[41,55,56],"damage_taken":[{"damage":7.0,"enemies":"Small Slimes","floor":1.0,"turns":2.0},{"damage":0.0,"enemies":"2 Louse","floor":2.0,"turns":2.0},{"damage":0.0,"enemies":"Cultist","floor":3.0,"turns":3.0},{"damage":15.0,"enemies":"Lagavulin","floor":7.0,"turns":7.0},{"damage":3.0,"enemies":"3 Sentries","floor":10.0,"turns":11.0},{"damage":0.0,"enemies":"Large Slime","floor":14.0,"turns":4.0},{"damage":0.0,"enemies":"The Guardian","floor":16.0,"turns":12.0},{"damage":0.0,"enemies":"Spheric Guardian","floor":18.0,"turns":4.0},{"damage":5.0,"enemies":"2 Thieves","floor":19.0,"turns":4.0},{"damage":19.0,"enemies":"Slavers","floor":24.0,"turns":9.0},{"damage":9.0,"enemies":"Snake Plant","floor":25.0,"turns":5.0},{"damage":11.0,"enemies":"Gremlin Leader","floor":27.0,"turns":5.0},{"damage":3.0,"enemies":"Sentry and Sphere","floor":29.0,"turns":5.0},{"damage":1.0,"enemies":"3 Cultists","floor":31.0,"turns":4.0},{"damage":14.0,"enemies":"Collector","floor":33.0,"turns":8.0},{"damage":0.0,"enemies":"3 Darklings","floor":35.0,"turns":5.0},{"damage":0.0,"enemies":"Orb Walker","floor":37.0,"turns":3.0},{"damage":13,"enemies":"Maw","floor":38,"turns":8},{"damage":15,"enemies":"Writhing Mass","floor":39,"turns":7},{"damage":37,"enemies":"Reptomancer","floor":41,"turns":7},{"damage":16,"enemies":"Spire Growth","floor":45,"turns":4},{"damage":11,"enemies":"Jaw Worm Horde","floor":46,"turns":4},{"damage":0,"enemies":"Mind Bloom Boss Battle","floor":47,"turns":5},{"damage":25,"enemies":"Giant Head","floor":48,"turns":10},{"damage":23,"enemies":"Time Eater","floor":50,"turns":10},{"damage":31,"enemies":"Donu and Deca","floor":51,"turns":9},{"damage":36,"enemies":"Shield and Spear","floor":55,"turns":6},{"damage":72,"enemies":"The Heart","floor":56,"turns":8}],"seed_played":"3698425487388495850","potions_obtained":[{"floor":1.0,"key":"Swift Potion"},{"floor":10.0,"key":"Strength Potion"},{"floor":14.0,"key":"Fire Potion"},{"floor":24.0,"key":"LiquidMemories"},{"floor":29.0,"key":"FearPotion"},{"floor":37.0,"key":"SteroidPotion"},{"floor":45,"key":"SteroidPotion"},{"floor":47,"key":"SkillPotion"}],"is_trial":false,"path_per_floor":["M","M","M","?","?","R","E","R","T","E","R","?","R","M","R","B",null,"M","M","?","?","$","R","E","M","T","E","R","M","$","M","R","B",null,"M","?","M","M","M","R","E","R","T","R","M","M","?","E","R","B","B",null,"R","$","E","B"],"character_chosen":"DEFECT","items_purchased":["Pantograph","Orrery","Leap"],"campfire_rested":7,"item_purchase_floors":[30,54,54],"current_hp_per_floor":[57,57,57,57,57,57,42,42,42,39,39,44,44,44,44,44,68,68,63,57,57,57,76,57,48,48,37,59,56,56,55,55,62,73,73,73,73,60,45,67,35,57,57,76,60,49,74,49,71,53,45,68,76,76,41,0],"gold":98,"neow_bonus":"UPGRADE_CARD","is_prod":false,"is_daily":false,"chose_seed":false,"campfire_upgraded":2,"win_rate":0,"timestamp":1580330396,"path_taken":["M","M","M","?","?","R","E","R","T","E","R","?","R","M","R","BOSS","M","M","?","?","$","R","E","M","T","E","R","M","$","M","R","BOSS","M","?","?","M","M","R","E","R","T","R","M","M","?","E","R","BOSS","BOSS","R","$","E","BOSS"],"build_version":"2020-01-27","purchased_purges":2,"victory":false,"max_hp_per_floor":[71,71,71,71,71,71,71,71,71,71,71,76,76,76,76,76,76,76,76,76,76,76,76,76,76,76,76,76,76,76,76,76,76,76,76,76,76,76,76,76,76,76,76,76,76,76,76,76,76,76,76,76,76,76,76,76],"card_choices":[{"not_picked":["Melter","Beam Cell"],"picked":"Hologram","floor":1.0},{"not_picked":["Recycle","Aggregate"],"picked":"Go for the Eyes","floor":2.0},{"not_picked":["Blizzard","Coolheaded"],"picked":"Defragment","floor":3.0},{"not_picked":["Stack","Redo"],"picked":"Cold Snap","floor":7.0},{"not_picked":["Blizzard","Consume"],"picked":"Sweeping Beam","floor":10.0},{"not_picked":["Cold Snap","Static Discharge"],"picked":"Glacier","floor":14.0},{"not_picked":["Machine Learning","All For One"],"picked":"Echo Form","floor":16.0},{"not_picked":["Redo","Aggregate","Stack"],"picked":"SKIP","floor":18.0},{"not_picked":["Darkness+1","Self Repair"],"picked":"Ball Lightning","floor":19.0},{"not_picked":["Darkness","Genetic Algorithm"],"picked":"Sweeping Beam+1","floor":24.0},{"not_picked":["Fusion","Turbo","Streamline+1"],"picked":"SKIP","floor":25.0},{"not_picked":["Undo","Recycle"],"picked":"Coolheaded+1","floor":27.0},{"not_picked":["Consume","Genetic Algorithm","Beam Cell+1"],"picked":"SKIP","floor":29.0},{"not_picked":["Blizzard+1","Static Discharge","Consume"],"picked":"SKIP","floor":31.0},{"not_picked":["Multi-Cast","Fission"],"picked":"Seek","floor":33.0},{"not_picked":["Steam","Sunder+1"],"picked":"Barrage+1","floor":35.0},{"not_picked":["Rebound+1","Heatsinks","Conserve Battery"],"picked":"SKIP","floor":37.0},{"not_picked":["Ball Lightning+1","Cold Snap+1"],"picked":"Blizzard+1","floor":38},{"not_picked":["Go for the Eyes+1","Cold Snap+1"],"picked":"Defragment","floor":39},{"not_picked":["Stack","Hologram"],"picked":"Leap","floor":41},{"not_picked":["Rebound+1","Stack"],"picked":"Loop","floor":45},{"not_picked":["Seek","Heatsinks"],"picked":"Stack+1","floor":46},{"not_picked":["Rebound+1","Redo"],"picked":"Doom and Gloom+1","floor":47},{"not_picked":["Ball Lightning+1","Tempest"],"picked":"Go for the Eyes+1","floor":48},{"not_picked":["Sweeping Beam+1","Gash+1"],"picked":"Beam Cell+1","floor":54},{"not_picked":["Meteor Strike+1","Barrage+1"],"picked":"Leap","floor":54},{"not_picked":["Sweeping Beam+1","Skim"],"picked":"Turbo","floor":55}],"player_experience":2090023,"relics_obtained":[{"floor":7.0,"key":"Thread and Needle"},{"floor":9.0,"key":"Girya"},{"floor":10.0,"key":"Art of War"},{"floor":24.0,"key":"Molten Egg 2"},{"floor":26.0,"key":"War Paint"},{"floor":27.0,"key":"Toy Ornithopter"},{"floor":41,"key":"Centennial Puzzle"},{"floor":47,"key":"Pocketwatch"},{"floor":48,"key":"MealTicket"},{"floor":55,"key":"Dead Branch"}],"event_choices":[{"damage_healed":0.0,"max_hp_gain":0.0,"max_hp_loss":0.0,"gold_gain":0.0,"event_name":"Living Wall","player_choice":"Grow","floor":4.0,"gold_loss":0.0,"damage_taken":0.0,"cards_upgraded":["Defragment"]},{"damage_healed":0.0,"max_hp_gain":0.0,"max_hp_loss":0.0,"gold_gain":0.0,"event_name":"Liars Game","player_choice":"Ignored","floor":5.0,"gold_loss":0.0,"damage_taken":0.0},{"damage_healed":0.0,"max_hp_gain":5.0,"max_hp_loss":0.0,"gold_gain":0.0,"event_name":"Big Fish","player_choice":"Donut","floor":12.0,"gold_loss":0.0,"damage_taken":0.0},{"damage_healed":0.0,"max_hp_gain":0.0,"max_hp_loss":0.0,"gold_gain":0.0,"event_name":"Nest","player_choice":"Joined the Cult","floor":20.0,"gold_loss":0.0,"damage_taken":6.0,"cards_obtained":["RitualDagger"]},{"damage_healed":0.0,"max_hp_gain":0.0,"max_hp_loss":0.0,"gold_gain":0.0,"cards_transformed":["Strike_B","Strike_B"],"event_name":"Drug Dealer","player_choice":"Became Test Subject","floor":21.0,"gold_loss":0.0,"damage_taken":0.0,"cards_obtained":["FTL","Storm"]},{"cards_removed":["Strike_B"],"damage_healed":0.0,"max_hp_gain":0.0,"max_hp_loss":0.0,"gold_gain":0.0,"event_name":"Purifier","player_choice":"Purged","floor":36.0,"gold_loss":0.0,"damage_taken":0.0},{"damage_healed":0,"gold_gain":0,"player_choice":"Fight","damage_taken":0,"max_hp_gain":0,"max_hp_loss":0,"event_name":"MindBloom","floor":47,"gold_loss":0}],"is_beta":true,"boss_relics":[{"not_picked":["Empty Cage","Calling Bell"],"picked":"Fusion Hammer"},{"not_picked":["Busted Crown","Tiny House"],"picked":"Runic Pyramid"}],"items_purged_floors":[22,30],"is_endless":false,"potions_floor_spawned":[1,10,14,18,24,29,33,37,45,47,48],"killed_by":"The Heart","ascension_level":20}