{"gold_per_floor":[216,266,285,300,59,59,90,90,114,148,165,165,2,2],"floor_reached":14,"playtime":567,"items_purged":["Strike_B"],"score":196,"play_id":"fbb02546-46e0-4f94-b552-e56526f9628d","local_time":"20200219212320","is_ascension_mode":true,"campfire_choices":[{"data":"Sunder","floor":6,"key":"SMITH"},{"floor":8,"key":"REST"}],"neow_cost":"NONE","seed_source_timestamp":673936432546100,"circlet_count":0,"master_deck":["AscendersBane","Strike_B","Strike_B","Strike_B","Defend_B","Defend_B","Defend_B","Defend_B","Zap","Dualcast","Gash","Storm","Hyperbeam","Sunder+1","Defragment","Capacitor","Consume"],"relics":["Cracked Core","Akabeko","Nunchaku","InkBottle"],"potions_floor_usage":[],"damage_taken":[{"damage":7,"enemies":"Small Slimes","floor":1,"turns":3},{"damage":1,"enemies":"Cultist","floor":3,"turns":3},{"damage":2,"enemies":"2 Louse","floor":4,"turns":3},{"damage":45,"enemies":"Lagavulin","floor":7,"turns":6},{"damage":10,"enemies":"3 Sentries","floor":10,"turns":3},{"damage":7,"enemies":"Exordium Thugs","floor":11,"turns":4}],"seed_played":"5718719712250814","potions_obtained":[{"floor":4,"key":"Ancient Potion"}],"is_trial":false,"path_per_floor":["M","?","M","M","$","R","E","R","T","E","M","?","$","?"],"character_chosen":"DEFECT","items_purchased":["Hyperbeam","Sunder","Consume"],"campfire_rested":1,"item_purchase_floors":[5,5,13],"current_hp_per_floor":[57,57,56,54,54,54,9,30,30,20,13,13,13,0],"gold":2,"neow_bonus":"HUNDRED_GOLD","is_prod":false,"is_daily":false,"chose_seed":false,"campfire_upgraded":1,"win_rate":0,"timestamp":1582147400,"path_taken":["M","?","M","?","$","R","E","R","T","E","M","?","?","?"],"build_version":"2020-01-27","purchased_purges":1,"victory":false,"max_hp_per_floor":[71,71,71,71,71,71,71,71,71,71,71,71,71,71],"card_choices":[{"not_picked":["Conserve Battery","Rebound","Storm"],"picked":"SKIP","floor":1},{"not_picked":["Conserve Battery","Heatsinks"],"picked":"Gash","floor":3},{"not_picked":["Turbo","BootSequence"],"picked":"Storm","floor":4},{"not_picked":["Scrape","Ball Lightning"],"picked":"Defragment","floor":7},{"not_picked":["Leap","Streamline"],"picked":"Capacitor","floor":10},{"not_picked":["Blizzard","Melter","Stack"],"picked":"SKIP","floor":11}],"player_experience":2293238,"relics_obtained":[{"floor":7,"key":"Akabeko"},{"floor":9,"key":"Nunchaku"},{"floor":10,"key":"InkBottle"}],"event_choices":[{"damage_healed":0,"gold_gain":50,"player_choice":"Pray","damage_taken":0,"max_hp_gain":0,"max_hp_loss":0,"event_name":"Golden Shrine","floor":2,"gold_loss":0},{"damage_healed":0,"gold_gain":0,"player_choice":"Ignored","damage_taken":0,"max_hp_gain":0,"max_hp_loss":0,"event_name":"Shining Light","floor":12,"gold_loss":0}],"is_beta":true,"boss_relics":[],"items_purged_floors":[13],"is_endless":false,"potions_floor_spawned":[4],"ascension_level":20}