{"gold_per_floor":[117,136,211,18,18,18,51,51,106,106,119,119,138,169,169,265,265,285,299,262,16,16,16,16],"floor_reached":24,"playtime":959,"items_purged":["Strike_B"],"score":504,"play_id":"b8972fc1-d576-4163-98fb-3b4c8e93be24","local_time":"20200220224031","is_ascension_mode":true,"campfire_choices":[{"data":"Apotheosis","floor":6,"key":"SMITH"},{"data":"Strike_B","floor":8,"key":"PURGE"},{"data":"Defragment","floor":12,"key":"SMITH"},{"data":"Strike_B","floor":15,"key":"PURGE"},{"data":"Ghostly","floor":23,"key":"SMITH"}],"neow_cost":"NONE","seed_source_timestamp":764574468813000,"circlet_count":0,"master_deck":["AscendersBane","Strike_B","Defend_B","Defend_B","Defend_B","Defend_B","Zap","Dualcast","Darkness","Compile Driver","Apotheosis+1","Defragment+1","Sweeping Beam","Leap","Echo Form","Reinforced Body+1","Glacier","Loop+1","Conserve Battery+1","Ghostly+1","Ghostly","Ghostly"],"relics":["Cracked Core","NeowsBlessing","Golden Idol","Peace Pipe","Happy Flower","Singing Bowl","Toy Ornithopter","SlaversCollar","Orrery"],"potions_floor_usage":[18,24],"damage_taken":[{"damage":0,"enemies":"2 Louse","floor":1,"turns":1},{"damage":0,"enemies":"Jaw Worm","floor":2,"turns":1},{"damage":0,"enemies":"3 Sentries","floor":7,"turns":1},{"damage":0,"enemies":"Small Slimes","floor":11,"turns":3},{"damage":0,"enemies":"Exordium Wildlife","floor":13,"turns":2},{"damage":0,"enemies":"Lagavulin","floor":14,"turns":5},{"damage":16,"enemies":"The Guardian","floor":16,"turns":7},{"damage":9,"enemies":"Shell Parasite","floor":18,"turns":2},{"damage":12,"enemies":"3 Byrds","floor":19,"turns":5},{"damage":46,"enemies":"Slavers","floor":24,"turns":6}],"seed_played":"-8976672501956258043","potions_obtained":[{"floor":7,"key":"Fire Potion"},{"floor":14,"key":"SneckoOil"},{"floor":18,"key":"Strength Potion"}],"is_trial":false,"path_per_floor":["M","M","?","$","?","R","E","R","T","?","M","R","M","E","R","B",null,"M","M","$","$","?","R","E"],"character_chosen":"DEFECT","items_purchased":["Apotheosis","Glacier","Orrery"],"campfire_rested":0,"item_purchase_floors":[4,20,21],"current_hp_per_floor":[64,64,53,53,53,53,53,53,53,35,35,35,35,35,35,19,53,49,39,39,45,36,36,0],"gold":16,"neow_bonus":"THREE_ENEMY_KILL","is_prod":false,"is_daily":false,"chose_seed":false,"campfire_upgraded":3,"win_rate":0,"timestamp":1582238431,"path_taken":["M","M","?","$","?","R","E","R","T","?","M","R","?","E","R","BOSS","M","M","?","$","?","R","E"],"build_version":"2020-01-27","purchased_purges":1,"victory":false,"max_hp_per_floor":[71,71,71,71,64,64,64,64,64,64,64,64,64,64,64,64,64,64,66,66,72,36,36,36],"card_choices":[{"not_picked":["Rebound","Blizzard"],"picked":"Darkness","floor":1},{"not_picked":["Chaos","Stack"],"picked":"Compile Driver","floor":2},{"not_picked":["Turbo","Beam Cell","Streamline"],"picked":"SKIP","floor":7},{"not_picked":["Compile Driver","Barrage"],"picked":"Defragment","floor":11},{"not_picked":["Double Energy","Hello World"],"picked":"Sweeping Beam","floor":13},{"not_picked":["Thunder Strike","Stack"],"picked":"Leap","floor":14},{"not_picked":["Buffer","All For One"],"picked":"Echo Form","floor":16},{"not_picked":["Streamline+1","Ball Lightning"],"picked":"Reinforced Body+1","floor":18},{"not_picked":["Hello World","Darkness","Sweeping Beam"],"picked":"Singing Bowl","floor":19},{"not_picked":["White Noise","Ball Lightning"],"picked":"Loop+1","floor":21},{"not_picked":["Meteor Strike","BootSequence","Rebound"],"picked":"Singing Bowl","floor":21},{"not_picked":["Gash+1","Redo"],"picked":"Conserve Battery+1","floor":21},{"not_picked":["Tempest+1","Steam+1","Rebound+1"],"picked":"Singing Bowl","floor":21},{"not_picked":["Multi-Cast","Storm","Leap"],"picked":"Singing Bowl","floor":21}],"player_experience":2304657,"relics_obtained":[{"floor":7,"key":"Peace Pipe"},{"floor":9,"key":"Happy Flower"},{"floor":14,"key":"Toy Ornithopter"}],"event_choices":[{"damage_healed":0,"gold_gain":75,"player_choice":"Gather Gold","damage_taken":11,"max_hp_gain":0,"max_hp_loss":0,"event_name":"World of Goop","floor":3,"gold_loss":0},{"damage_healed":0,"gold_gain":0,"player_choice":"Lose Max HP","damage_taken":0,"relics_obtained":["Golden Idol"],"max_hp_gain":0,"max_hp_loss":7,"event_name":"Golden Idol","floor":5,"gold_loss":0},{"damage_healed":0,"gold_gain":0,"player_choice":"Success","damage_taken":18,"relics_obtained":["Singing Bowl"],"max_hp_gain":0,"max_hp_loss":0,"event_name":"Scrap Ooze","floor":10,"gold_loss":0},{"damage_healed":0,"gold_gain":0,"player_choice":"Became a Ghost","damage_taken":0,"max_hp_gain":0,"max_hp_loss":36,"event_name":"Ghosts","floor":22,"gold_loss":0,"cards_obtained":["Ghostly","Ghostly","Ghostly"]}],"is_beta":true,"boss_relics":[{"not_picked":["Velvet Choker","Inserter"],"picked":"SlaversCollar"}],"items_purged_floors":[21],"is_endless":false,"potions_floor_spawned":[7,14,18,19],"killed_by":"Slavers","ascension_level":20}