{"gold_per_floor":[113,133,148,148,165,165,175,175,175,210,222,222,235,385,385,458,458,476,40,52,52,71,71,101,101,127,137,153,153,25,60,60,139,139,158,158,158,172,184,184],"floor_reached":40,"playtime":2333,"items_purged":["Shame"],"score":910,"play_id":"865e868b-7526-4436-8175-a2168507b6e2","local_time":"20200221223234","is_ascension_mode":true,"campfire_choices":[{"data":"Hyperbeam","floor":6.0,"key":"SMITH"},{"data":"Reinforced Body","floor":12,"key":"SMITH"},{"data":"Zap","floor":15,"key":"SMITH"},{"data":"Go for the Eyes","floor":23,"key":"SMITH"},{"data":"Hologram","floor":25,"key":"SMITH"},{"floor":32,"key":"REST"}],"neow_cost":"NONE","seed_source_timestamp":849108255772500,"circlet_count":0,"master_deck":["AscendersBane","Strike_B","Strike_B","Strike_B","Defend_B","Defend_B","Defend_B","Defend_B","Zap+1","Dualcast","Ball Lightning","Sweeping Beam","Reinforced Body+1","Hologram+1","Hyperbeam+1","Electrodynamics+1","Undo","Biased Cognition+1","Steam+1","Go for the Eyes+1","Defragment+1","Coolheaded+1","Coolheaded+1","Defragment+1","Biased Cognition+1","Hologram+1","Conserve Battery+1"],"special_seed":0,"relics":["Cracked Core","Omamori","Frozen Egg 2","Question Card","InkBottle","Cursed Key","Toxic Egg 2","Lantern","Darkstone Periapt","White Beast Statue","Philosopher\u0027s Stone"],"potions_floor_usage":[10,13,16,24,31,33,33,39,40,40],"damage_taken":[{"damage":1.0,"enemies":"Cultist","floor":1.0,"turns":3.0},{"damage":3.0,"enemies":"2 Louse","floor":2.0,"turns":2.0},{"damage":0.0,"enemies":"Small Slimes","floor":3.0,"turns":2.0},{"damage":7.0,"enemies":"Looter","floor":5.0,"turns":3.0},{"damage":0.0,"enemies":"2 Fungi Beasts","floor":7.0,"turns":2.0},{"damage":8,"enemies":"Gremlin Nob","floor":10,"turns":3},{"damage":6,"enemies":"Blue Slaver","floor":11,"turns":3},{"damage":0,"enemies":"3 Louse","floor":13,"turns":2},{"damage":24,"enemies":"The Guardian","floor":16,"turns":12},{"damage":0,"enemies":"Chosen","floor":18,"turns":3},{"damage":0,"enemies":"3 Byrds","floor":20,"turns":2},{"damage":0,"enemies":"Centurion and Healer","floor":22,"turns":3},{"damage":0,"enemies":"Slavers","floor":24,"turns":1},{"damage":6,"enemies":"3 Cultists","floor":27,"turns":4},{"damage":26,"enemies":"Cultist and Chosen","floor":28,"turns":6},{"damage":4,"enemies":"Gremlin Leader","floor":31,"turns":6},{"damage":26,"enemies":"Automaton","floor":33,"turns":10},{"damage":9,"enemies":"Orb Walker","floor":35,"turns":3},{"damage":0,"enemies":"3 Darklings","floor":38,"turns":2},{"damage":15,"enemies":"Maw","floor":39,"turns":6},{"damage":41,"enemies":"Giant Head","floor":40,"turns":7}],"seed_played":"1989307116118075738","potions_obtained":[{"floor":3.0,"key":"LiquidBronze"},{"floor":7.0,"key":"Swift Potion"},{"floor":11,"key":"Block Potion"},{"floor":13,"key":"Dexterity Potion"},{"floor":18,"key":"DuplicationPotion"},{"floor":31,"key":"LiquidBronze"},{"floor":33,"key":"BlessingOfTheForge"},{"floor":35,"key":"SkillPotion"},{"floor":39,"key":"AttackPotion"}],"is_trial":false,"path_per_floor":["M","M","M","?","M","R","M","?","T","E","M","R","M","?","R","B",null,"M","$","M","?","M","R","E","R","T","M","M","?","$","E","R","B",null,"M","?","?","M","M","E"],"character_chosen":"DEFECT","items_purchased":["Toxic Egg 2","Lantern","Block Potion"],"campfire_rested":1,"item_purchase_floors":[19,19,30],"current_hp_per_floor":[63,60,60,60,53,53,53,53,53,45,39,39,39,39,39,15,57,57,57,57,57,57,57,57,57,63,57,31,9,9,5,29,3,62,53,53,53,53,38,0],"gold":184,"neow_bonus":"RANDOM_COMMON_RELIC","is_prod":false,"is_daily":false,"chose_seed":false,"campfire_upgraded":5,"win_rate":0,"timestamp":1582324354,"path_taken":["M","M","M","?","?","R","M","?","T","E","M","R","M","?","R","BOSS","M","$","M","?","M","R","E","R","T","M","M","?","$","E","R","BOSS","M","?","?","?","M","E"],"build_version":"2020-01-27","purchased_purges":1,"victory":false,"max_hp_per_floor":[71,71,71,71,71,71,71,71,71,71,71,71,71,71,71,71,71,71,71,71,71,71,71,71,71,77,77,77,82,82,82,82,82,82,82,82,82,82,82,82],"card_choices":[{"not_picked":["Stack","Reprogram"],"picked":"Ball Lightning","floor":1.0},{"not_picked":["Conserve Battery","FTL"],"picked":"Sweeping Beam","floor":2.0},{"not_picked":["Gash","White Noise"],"picked":"Reinforced Body","floor":3.0},{"not_picked":["Stack","Steam"],"picked":"Hyperbeam","floor":5.0},{"not_picked":["Leap","Compile Driver"],"picked":"Cold Snap","floor":7.0},{"not_picked":["Cold Snap","Steam","Turbo"],"picked":"Electrodynamics+1","floor":10},{"not_picked":["Streamline","Coolheaded","Barrage","Cold Snap"],"picked":"SKIP","floor":11},{"not_picked":["Streamline","Consume","Stack"],"picked":"Undo","floor":13},{"not_picked":["Hyperbeam","Echo Form+1","Rainbow"],"picked":"Biased Cognition+1","floor":16},{"not_picked":["Hologram","Stack","Cold Snap","Sweeping Beam"],"picked":"SKIP","floor":18},{"not_picked":["Darkness+1","Redo+1","Storm+1"],"picked":"Steam+1","floor":20},{"not_picked":["Reinforced Body+1","Gash","Ball Lightning"],"picked":"Go for the Eyes","floor":22},{"not_picked":["Steam+1","Glacier+1","All For One"],"picked":"Defragment+1","floor":24},{"not_picked":["Undo+1","Redo+1","Auto Shields+1"],"picked":"Coolheaded+1","floor":27},{"not_picked":["Heatsinks+1","Go for the Eyes","Hello World+1"],"picked":"Coolheaded+1","floor":28},{"not_picked":["Barrage","Ball Lightning","Hologram+1"],"picked":"Defragment+1","floor":31},{"not_picked":["Multi-Cast+1","Meteor Strike","Echo Form+1"],"picked":"Biased Cognition+1","floor":33},{"not_picked":["Gash","Turbo+1","Ball Lightning"],"picked":"Hologram+1","floor":35},{"not_picked":["Ball Lightning","Coolheaded+1","Sweeping Beam","Gash"],"picked":"SKIP","floor":38},{"not_picked":["Turbo+1","Storm+1","Ball Lightning"],"picked":"Conserve Battery+1","floor":39}],"player_experience":2309100,"relics_obtained":[{"floor":9,"key":"Question Card"},{"floor":10,"key":"InkBottle"},{"floor":24,"key":"Darkstone Periapt"},{"floor":31,"key":"White Beast Statue"}],"event_choices":[{"damage_healed":0.0,"max_hp_gain":0.0,"max_hp_loss":0.0,"gold_gain":0.0,"cards_transformed":["Strike_B"],"event_name":"Transmorgrifier","player_choice":"Transformed","floor":4.0,"gold_loss":0.0,"damage_taken":0.0,"cards_obtained":["Hologram"]},{"damage_healed":0,"gold_gain":0,"player_choice":"Box","damage_taken":0,"relics_obtained":["Frozen Egg 2"],"max_hp_gain":0,"max_hp_loss":0,"event_name":"Big Fish","floor":8,"gold_loss":0,"cards_obtained":["Regret"]},{"damage_healed":0,"gold_gain":150,"player_choice":"AGREE","damage_taken":0,"max_hp_gain":0,"max_hp_loss":0,"event_name":"Liars Game","floor":14,"gold_loss":0,"cards_obtained":["Doubt"]},{"damage_healed":0,"gold_gain":0,"player_choice":"Ignored","damage_taken":0,"max_hp_gain":0,"max_hp_loss":0,"event_name":"Vampires","floor":21,"gold_loss":0},{"damage_healed":0,"gold_gain":0,"player_choice":"Shed Blood","damage_taken":27,"max_hp_gain":5,"max_hp_loss":0,"event_name":"Forgotten Altar","floor":29,"gold_loss":0},{"cards_removed":["Cold Snap"],"damage_healed":0,"gold_gain":0,"player_choice":"Removed Attack","damage_taken":0,"max_hp_gain":0,"max_hp_loss":0,"event_name":"Falling","floor":36,"gold_loss":0},{"damage_healed":0,"gold_gain":0,"player_choice":"Ignored","damage_taken":0,"max_hp_gain":0,"max_hp_loss":0,"event_name":"SecretPortal","floor":37,"gold_loss":0}],"is_beta":true,"boss_relics":[{"not_picked":["Empty Cage","Astrolabe"],"picked":"Cursed Key"},{"not_picked":["Runic Dome","Nuclear Battery"],"picked":"Philosopher\u0027s Stone"}],"items_purged_floors":[30],"is_endless":false,"potions_floor_spawned":[3,7,11,13,18,20,22,31,33,35,38,39],"killed_by":"Giant Head","ascension_level":20}