{"gold_per_floor":[112,2,2,2,16,16,16,43,43,68,81,81,93,41,41,114,114,124,124,140,140,12,12,12],"floor_reached":24,"playtime":1644,"items_purged":["Strike_B"],"score":454,"play_id":"39be960d-cc47-4ce5-a314-c24639fdd209","local_time":"20200528222701","is_ascension_mode":true,"campfire_choices":[{"data":"Dualcast","floor":6,"key":"SMITH"},{"floor":12,"key":"REST"},{"data":"Sweeping Beam","floor":15,"key":"SMITH"},{"data":"Consume","floor":23,"key":"SMITH"}],"neow_cost":"NONE","seed_source_timestamp":11260495275234,"circlet_count":0,"master_deck":["AscendersBane","Strike_B","Strike_B","Defend_B","Defend_B","Defend_B","Defend_B","Zap+1","Dualcast+1","Compile Driver+1","Loop","Sweeping Beam+1","All For One","Gash","Coolheaded","Biased Cognition","Beam Cell","Ghostly","Ghostly","Ghostly","Consume+1","Necronomicurse"],"relics":["Cracked Core","Bag of Preparation","DataDisk","Lantern","Inserter","Necronomicon"],"potions_floor_usage":[8,10,24,24],"damage_taken":[{"damage":1,"enemies":"2 Louse","floor":1,"turns":3},{"damage":2,"enemies":"Jaw Worm","floor":5,"turns":3},{"damage":0,"enemies":"3 Sentries","floor":8,"turns":3},{"damage":46,"enemies":"Gremlin Nob","floor":10,"turns":4},{"damage":0,"enemies":"Cultist","floor":11,"turns":2},{"damage":3,"enemies":"Blue Slaver","floor":13,"turns":3},{"damage":26,"enemies":"The Guardian","floor":16,"turns":9},{"damage":19,"enemies":"Shell Parasite","floor":18,"turns":5},{"damage":0,"enemies":"Chosen","floor":20,"turns":4},{"damage":19,"enemies":"Gremlin Leader","floor":24,"turns":4}],"seed_played":"2645360956309177135","potions_obtained":[{"floor":5,"key":"Energy Potion"},{"floor":8,"key":"FairyPotion"},{"floor":18,"key":"GamblersBrew"}],"is_trial":false,"path_per_floor":["M","$","?","?","M","R","$","E","T","E","M","R","M","$","R","B",null,"M","?","M","?","$","R","E"],"character_chosen":"DEFECT","items_purchased":["Compile Driver","PowerPotion","Coolheaded","Weak Potion"],"campfire_rested":1,"item_purchase_floors":[2,2,14,22],"current_hp_per_floor":[63,63,56,56,54,54,54,54,54,8,8,29,26,26,26,21,59,40,35,35,14,14,14,0],"gold":12,"neow_bonus":"UPGRADE_CARD","is_prod":false,"is_daily":false,"chose_seed":false,"campfire_upgraded":3,"win_rate":0,"timestamp":1590730021,"path_taken":["M","$","?","?","M","R","?","E","T","E","M","R","M","$","R","BOSS","M","?","M","?","$","R","E"],"build_version":"2020-05-27","purchased_purges":1,"victory":false,"max_hp_per_floor":[71,71,71,71,71,71,71,71,71,71,71,71,71,71,71,71,71,71,35,35,35,35,35,35],"card_choices":[{"not_picked":["Turbo","Heatsinks","Stack"],"picked":"SKIP","floor":1},{"not_picked":["Lockon","Conserve Battery","Turbo"],"picked":"SKIP","floor":5},{"not_picked":["Reprogram","Force Field"],"picked":"Loop","floor":8},{"not_picked":["Compile Driver","Redo"],"picked":"Sweeping Beam","floor":10},{"not_picked":["Hologram","Streamline"],"picked":"All For One","floor":11},{"not_picked":["Conserve Battery","Stack"],"picked":"Gash","floor":13},{"not_picked":["Core Surge","All For One"],"picked":"Biased Cognition","floor":16},{"not_picked":["Storm","Sweeping Beam"],"picked":"Beam Cell","floor":18},{"not_picked":["Steam","Doom and Gloom"],"picked":"Consume","floor":20}],"player_experience":2386505,"relics_obtained":[{"floor":8,"key":"Bag of Preparation"},{"floor":9,"key":"DataDisk"},{"floor":10,"key":"Lantern"},{"floor":21,"key":"Necronomicon"}],"event_choices":[{"cards_removed":["Strike_B"],"damage_healed":0,"gold_gain":0,"player_choice":"Card Removal","damage_taken":7,"max_hp_gain":0,"max_hp_loss":0,"event_name":"Golden Wing","floor":3,"gold_loss":0},{"damage_healed":0,"gold_gain":0,"player_choice":"Grow","damage_taken":0,"max_hp_gain":0,"max_hp_loss":0,"event_name":"Living Wall","floor":4,"gold_loss":0,"cards_upgraded":["Compile Driver"]},{"damage_healed":0,"gold_gain":0,"player_choice":"Became a Ghost","damage_taken":0,"max_hp_gain":0,"max_hp_loss":36,"event_name":"Ghosts","floor":19,"gold_loss":0,"cards_obtained":["Ghostly","Ghostly","Ghostly"]},{"damage_healed":0,"gold_gain":0,"player_choice":"Obtained Book","damage_taken":21,"max_hp_gain":0,"max_hp_loss":0,"event_name":"Cursed Tome","floor":21,"gold_loss":0}],"is_beta":true,"boss_relics":[{"not_picked":["Pandora\u0027s Box","SlaversCollar"],"picked":"Inserter"}],"items_purged_floors":[22],"is_endless":false,"potions_floor_spawned":[5,8,18],"killed_by":"Gremlin Leader","ascension_level":20}