{"gold_per_floor":[118,118,136,148,62,62,87,87,87,87,120,120,31,31,31,105,105,125,125,142,67,98,133,153,153,223,256,271,321,321,321,321,321],"floor_reached":33,"playtime":2717,"items_purged":[],"score":578,"play_id":"7ce5ebf2-d3ba-4b35-ae5d-0979fb35ddff","local_time":"20200531101138","is_ascension_mode":true,"campfire_choices":[{"data":"Static Discharge","floor":6,"key":"SMITH"},{"floor":8,"key":"REST"},{"data":"Zap","floor":12,"key":"SMITH"},{"data":"Melter","floor":15,"key":"SMITH"},{"data":"Sunder","floor":25,"key":"SMITH"},{"data":"Fusion","floor":30,"key":"SMITH"},{"floor":32,"key":"REST"}],"neow_cost":"NONE","seed_source_timestamp":121157431494559,"circlet_count":0,"master_deck":["AscendersBane","Strike_B","Strike_B","Strike_B","Defend_B","Defend_B","Defend_B","Defend_B","Zap+1","Dualcast","Go for the Eyes","Fusion+1","Self Repair","Melter+1","Static Discharge+1","Cold Snap","Coolheaded","Loop+1","Buffer+1","Leap","Loop+1","Capacitor+1","Compile Driver","Cold Snap","Sunder+1","Defragment+1","Defragment+1"],"relics":["Cracked Core","Frozen Egg 2","InkBottle","Akabeko","Emotion Chip","SlaversCollar","Red Mask","Dream Catcher","Pear"],"potions_floor_usage":[22,23,27],"damage_taken":[{"damage":1,"enemies":"Cultist","floor":1,"turns":3},{"damage":20,"enemies":"Small Slimes","floor":3,"turns":4},{"damage":8,"enemies":"2 Louse","floor":4,"turns":4},{"damage":20,"enemies":"Lagavulin","floor":7,"turns":7},{"damage":34,"enemies":"3 Sentries","floor":11,"turns":6},{"damage":16,"enemies":"Hexaghost","floor":16,"turns":8},{"damage":0,"enemies":"Spheric Guardian","floor":18,"turns":4},{"damage":15,"enemies":"Shell Parasite","floor":20,"turns":5},{"damage":19,"enemies":"Masked Bandits","floor":22,"turns":2},{"damage":10,"enemies":"Book of Stabbing","floor":23,"turns":6},{"damage":11,"enemies":"Snake Plant","floor":24,"turns":3},{"damage":49,"enemies":"Gremlin Leader","floor":27,"turns":8},{"damage":23,"enemies":"Snecko","floor":28,"turns":6},{"damage":55,"enemies":"Automaton","floor":33,"turns":6}],"seed_played":"-5332693281390608963","potions_obtained":[{"floor":3,"key":"FocusPotion"},{"floor":16,"key":"DuplicationPotion"},{"floor":22,"key":"FairyPotion"},{"floor":24,"key":"SteroidPotion"}],"is_trial":false,"path_per_floor":["M","?","M","M","$","R","E","R","T","?","E","R","$","?","R","B",null,"M","?","M","$","?","E","M","R","T","E","M","?","R","?","R","B"],"character_chosen":"DEFECT","items_purchased":["Static Discharge","Loop+1","Capacitor+1"],"campfire_rested":2,"item_purchase_floors":[5,13,21],"current_hp_per_floor":[70,70,50,49,49,49,36,59,59,59,32,32,32,32,32,23,64,71,71,63,63,51,48,44,44,44,40,24,24,24,24,50,0],"gold":321,"neow_bonus":"TEN_PERCENT_HP_BONUS","is_prod":false,"is_daily":false,"chose_seed":false,"campfire_upgraded":5,"win_rate":0,"timestamp":1590945098,"path_taken":["M","?","M","M","?","R","E","R","T","?","E","R","$","?","R","BOSS","M","?","M","$","?","E","M","R","T","E","M","?","R","?","R","BOSS"],"build_version":"2020-05-27","purchased_purges":0,"victory":false,"max_hp_per_floor":[78,78,78,78,78,78,78,78,78,78,78,78,78,78,78,78,78,78,78,78,78,78,78,78,78,78,88,88,88,88,88,88,88],"card_choices":[{"not_picked":["Beam Cell","Stack"],"picked":"Go for the Eyes","floor":1},{"not_picked":["Go for the Eyes","Rebound"],"picked":"Self Repair","floor":3},{"not_picked":["Double Energy","Turbo"],"picked":"Melter","floor":4},{"not_picked":["Stack","Chaos"],"picked":"Cold Snap","floor":7},{"not_picked":["Hello World+1","Steam"],"picked":"Coolheaded","floor":11},{"not_picked":["Hyperbeam","Thunder Strike"],"picked":"Buffer+1","floor":16},{"not_picked":["Turbo","Go for the Eyes"],"picked":"Leap","floor":18},{"not_picked":["Aggregate","Conserve Battery"],"picked":"Loop+1","floor":20},{"not_picked":["Streamline","Steam Power"],"picked":"Compile Driver","floor":22},{"not_picked":["Heatsinks+1","Double Energy"],"picked":"Cold Snap","floor":23},{"not_picked":["Leap+1","Heatsinks+1"],"picked":"Sunder","floor":24},{"not_picked":["Fusion","Heatsinks+1","Conserve Battery"],"picked":"SKIP","floor":27},{"not_picked":["Beam Cell","Gash","Steam"],"picked":"SKIP","floor":28},{"not_picked":["Tempest","Static Discharge+1"],"picked":"Defragment+1","floor":32}],"player_experience":2413974,"relics_obtained":[{"floor":7,"key":"Frozen Egg 2"},{"floor":9,"key":"InkBottle"},{"floor":11,"key":"Emotion Chip"},{"floor":22,"key":"Red Mask"},{"floor":23,"key":"Dream Catcher"},{"floor":27,"key":"Pear"}],"event_choices":[{"damage_healed":0,"gold_gain":0,"cards_transformed":["Strike_B"],"player_choice":"Transformed","damage_taken":0,"max_hp_gain":0,"max_hp_loss":0,"event_name":"Transmorgrifier","floor":2,"gold_loss":0,"cards_obtained":["Fusion"]},{"damage_healed":0,"gold_gain":0,"player_choice":"Searched \u00271\u0027 times","damage_taken":0,"relics_obtained":["Akabeko"],"max_hp_gain":0,"max_hp_loss":0,"event_name":"Dead Adventurer","floor":10,"gold_loss":0},{"damage_healed":0,"gold_gain":0,"player_choice":"Ignored","damage_taken":0,"max_hp_gain":0,"max_hp_loss":0,"event_name":"Liars Game","floor":14,"gold_loss":0},{"damage_healed":0,"gold_gain":0,"player_choice":"Fought Bandits","damage_taken":0,"max_hp_gain":0,"max_hp_loss":0,"event_name":"Masked Bandits","floor":22,"gold_loss":0},{"damage_healed":0,"gold_gain":50,"player_choice":"Stole From Cult","damage_taken":0,"max_hp_gain":0,"max_hp_loss":0,"event_name":"Nest","floor":29,"gold_loss":0},{"damage_healed":0,"gold_gain":0,"player_choice":"Read","damage_taken":0,"max_hp_gain":0,"max_hp_loss":0,"event_name":"The Library","floor":31,"gold_loss":0,"cards_obtained":["Defragment"]}],"is_beta":true,"boss_relics":[{"not_picked":["Busted Crown","Runic Dome"],"picked":"SlaversCollar"}],"items_purged_floors":[],"is_endless":false,"potions_floor_spawned":[3,16,22,24],"killed_by":"Automaton","ascension_level":20}