{"gold_per_floor":[362,376,20,35,0,0,0,0,27,27,56,69,69,100,100,100],"floor_reached":16,"playtime":887,"items_purged":["Strike_B"],"score":216,"play_id":"f66cf932-a912-4104-aa0e-7ed3c60eb4ea","local_time":"20200531205744","is_ascension_mode":true,"campfire_choices":[{"data":"Static Discharge","floor":6.0,"key":"SMITH"},{"data":"Compile Driver","floor":13,"key":"SMITH"},{"floor":15,"key":"REST"}],"neow_cost":"TEN_PERCENT_HP_LOSS","seed_source_timestamp":4206742227428,"circlet_count":0,"master_deck":["AscendersBane","Strike_B","Strike_B+1","Strike_B+1","Defend_B","Defend_B","Defend_B","Defend_B","Zap","Dualcast","Static Discharge+1","Sweeping Beam+1","Compile Driver+1","White Noise","Steam"],"special_seed":0,"relics":["Cracked Core","Matryoshka","Lizard Tail","Art of War","MealTicket","Whetstone"],"potions_floor_usage":[14,16],"damage_taken":[{"damage":17.0,"enemies":"2 Louse","floor":1.0,"turns":3.0},{"damage":7.0,"enemies":"Small Slimes","floor":2.0,"turns":3.0},{"damage":7.0,"enemies":"Cultist","floor":4.0,"turns":4.0},{"damage":22.0,"enemies":"3 Sentries","floor":11.0,"turns":5.0},{"damage":11,"enemies":"Exordium Thugs","floor":12,"turns":4},{"damage":14,"enemies":"Lagavulin","floor":14,"turns":6},{"damage":45,"enemies":"Slime Boss","floor":16,"turns":8}],"seed_played":"-3266983022943644747","potions_obtained":[{"floor":2.0,"key":"SkillPotion"},{"floor":11.0,"key":"Energy Potion"},{"floor":14,"key":"DistilledChaos"}],"is_trial":false,"path_per_floor":["M","M","$","M","?","R","?","?","T","$","E","M","R","E","R","B"],"character_chosen":"DEFECT","items_purchased":["Matryoshka"],"campfire_rested":1,"item_purchase_floors":[3],"current_hp_per_floor":[47,40,40,33,49,49,31,31,31,31,9,32,32,18,37,0],"gold":100,"neow_bonus":"TWO_FIFTY_GOLD","is_prod":false,"is_daily":false,"chose_seed":false,"campfire_upgraded":2,"win_rate":0,"timestamp":1590983864,"path_taken":["M","M","$","M","?","R","?","?","T","$","E","?","R","E","R","BOSS"],"build_version":"2020-05-27","purchased_purges":1,"victory":false,"max_hp_per_floor":[64,64,64,64,64,64,64,64,64,64,64,64,64,64,64,64],"card_choices":[{"not_picked":["Go for the Eyes","Darkness"],"picked":"Static Discharge","floor":1.0},{"not_picked":["Rebound","Stack"],"picked":"Sweeping Beam","floor":2.0},{"not_picked":["Chaos","Hello World"],"picked":"Compile Driver","floor":4.0},{"not_picked":["Chaos","Scrape"],"picked":"White Noise","floor":11.0},{"not_picked":["Rebound","Turbo"],"picked":"Steam","floor":12},{"not_picked":["Force Field","Steam","Hologram"],"picked":"SKIP","floor":14}],"player_experience":2424456,"relics_obtained":[{"floor":9.0,"key":"Art of War"},{"floor":11.0,"key":"MealTicket"},{"floor":14,"key":"Whetstone"}],"event_choices":[{"damage_healed":16.0,"max_hp_gain":0.0,"max_hp_loss":0.0,"gold_gain":0.0,"event_name":"The Cleric","player_choice":"Healed","floor":5.0,"gold_loss":35.0,"damage_taken":0.0},{"damage_healed":0.0,"max_hp_gain":0.0,"max_hp_loss":0.0,"gold_gain":0.0,"event_name":"Scrap Ooze","player_choice":"Success","floor":7.0,"gold_loss":0.0,"damage_taken":18.0,"relics_obtained":["Lizard Tail"]},{"damage_healed":0.0,"max_hp_gain":0.0,"max_hp_loss":0.0,"gold_gain":0.0,"event_name":"Upgrade Shrine","player_choice":"Upgraded","floor":8.0,"gold_loss":0.0,"damage_taken":0.0,"cards_upgraded":["Sweeping Beam"]}],"is_beta":true,"boss_relics":[],"items_purged_floors":[3],"is_endless":false,"potions_floor_spawned":[2,11,14],"killed_by":"Slime Boss","ascension_level":20}