{"gold_per_floor":[113,41,61,71,86,86,121,10,10,10,36,56,6,26,26,104,104,121,134,150,165,6,6,6],"floor_reached":24,"playtime":1647,"items_purged":["Strike_B"],"score":420,"play_id":"272d43c6-a48c-446f-89a3-eb1c511eda21","local_time":"20200616000122","is_ascension_mode":true,"campfire_choices":[{"data":"Sweeping Beam","floor":6,"key":"SMITH"},{"floor":10,"key":"REST"},{"data":"Defragment","floor":15,"key":"SMITH"},{"floor":23,"key":"REST"}],"neow_cost":"NONE","seed_source_timestamp":553973424915861,"circlet_count":0,"master_deck":["AscendersBane","Strike_B","Strike_B","Strike_B","Defend_B","Defend_B","Defend_B","Defend_B","Zap","Dualcast","Sweeping Beam+1","Cold Snap","Seek","Capacitor","Sweeping Beam","Ball Lightning","Defragment+1","Conserve Battery","Cold Snap","Fission","Go for the Eyes","Consume","Sunder+1","Defragment"],"relics":["Cracked Core","Oddly Smooth Stone","HornCleat","Blue Candle","Singing Bowl","Bag of Preparation","Cursed Key"],"potions_floor_usage":[11,16,24,24],"damage_taken":[{"damage":1,"enemies":"2 Louse","floor":1,"turns":2},{"damage":0,"enemies":"Cultist","floor":3,"turns":3},{"damage":0,"enemies":"Jaw Worm","floor":4,"turns":3},{"damage":8,"enemies":"Gremlin Gang","floor":5,"turns":5},{"damage":22,"enemies":"Gremlin Nob","floor":7,"turns":4},{"damage":32,"enemies":"Lagavulin","floor":11,"turns":8},{"damage":0,"enemies":"Large Slime","floor":12,"turns":3},{"damage":0,"enemies":"Lots of Slimes","floor":14,"turns":2},{"damage":20,"enemies":"Hexaghost","floor":16,"turns":10},{"damage":0,"enemies":"Spheric Guardian","floor":18,"turns":4},{"damage":11,"enemies":"Shell Parasite","floor":19,"turns":6},{"damage":18,"enemies":"Shelled Parasite and Fungi","floor":20,"turns":5},{"damage":12,"enemies":"Snake Plant","floor":21,"turns":5},{"damage":36,"enemies":"Book of Stabbing","floor":24,"turns":5}],"seed_played":"-4926875144131438400","potions_obtained":[{"floor":4,"key":"PotionOfCapacity"},{"floor":7,"key":"GamblersBrew"},{"floor":12,"key":"SkillPotion"},{"floor":14,"key":"FearPotion"},{"floor":18,"key":"DuplicationPotion"}],"is_trial":false,"path_per_floor":["M","?","M","M","M","R","E","$","T","R","E","M","$","M","R","B",null,"M","M","M","M","$","R","E"],"character_chosen":"DEFECT","items_purchased":["Capacitor","Sweeping Beam","Conserve Battery","Defragment"],"campfire_rested":2,"item_purchase_floors":[8,8,13,22],"current_hp_per_floor":[63,63,63,63,55,55,33,33,33,54,22,22,22,22,22,2,54,54,43,27,15,15,36,0],"gold":6,"neow_bonus":"RANDOM_COMMON_RELIC","is_prod":false,"is_daily":false,"chose_seed":false,"campfire_upgraded":2,"win_rate":0,"timestamp":1592290882,"path_taken":["M","?","M","M","M","R","E","$","T","R","E","M","?","?","R","BOSS","M","?","M","M","$","R","E"],"build_version":"2020-05-27","purchased_purges":1,"victory":false,"max_hp_per_floor":[71,71,71,71,71,71,71,71,71,71,71,71,71,71,71,71,71,71,71,73,73,73,73,73],"card_choices":[{"not_picked":["Streamline","Auto Shields"],"picked":"Sweeping Beam","floor":1},{"not_picked":["Scrape","Beam Cell","Steam"],"picked":"SKIP","floor":3},{"not_picked":["Beam Cell","Stack"],"picked":"Cold Snap","floor":4},{"not_picked":["Beam Cell","Rebound","Rip and Tear"],"picked":"SKIP","floor":5},{"not_picked":["Redo","BootSequence"],"picked":"Seek","floor":7},{"not_picked":["Hologram","Conserve Battery"],"picked":"Ball Lightning","floor":11},{"not_picked":["Recycle","Steam"],"picked":"Defragment","floor":12},{"not_picked":["Steam","Chill"],"picked":"Cold Snap","floor":14},{"not_picked":["Machine Learning","All For One"],"picked":"Fission","floor":16},{"not_picked":["Leap","Gash"],"picked":"Go for the Eyes","floor":18},{"not_picked":["FTL","Redo"],"picked":"Consume","floor":19},{"not_picked":["Stack","Go for the Eyes+1","Cold Snap"],"picked":"Singing Bowl","floor":20},{"not_picked":["Recycle","Steam+1"],"picked":"Sunder+1","floor":21}],"player_experience":2509736,"relics_obtained":[{"floor":7,"key":"Blue Candle"},{"floor":9,"key":"Singing Bowl"},{"floor":11,"key":"Bag of Preparation"}],"event_choices":[{"damage_healed":0,"gold_gain":0,"player_choice":"Paid Gold","damage_taken":0,"relics_obtained":["HornCleat"],"max_hp_gain":0,"max_hp_loss":0,"event_name":"WeMeetAgain","floor":2,"gold_loss":72}],"is_beta":true,"boss_relics":[{"not_picked":["Astrolabe","Snecko Eye"],"picked":"Cursed Key"}],"items_purged_floors":[22],"is_endless":false,"potions_floor_spawned":[4,7,12,14,18,19,21],"killed_by":"Book of Stabbing","ascension_level":20}