{"gold_per_floor":[215,215,227,238,238,238,272,287,312,312,329,329,354,368,368,368],"floor_reached":16,"playtime":709,"items_purged":[],"score":224,"play_id":"cb955352-4849-4a88-84e7-0352a3a1e88a","local_time":"20201031234100","is_ascension_mode":true,"campfire_choices":[{"data":"Zap","floor":6,"key":"SMITH"},{"floor":10,"key":"REST"},{"floor":12,"key":"RECALL"},{"floor":15,"key":"REST"}],"neow_cost":"NONE","seed_source_timestamp":1462157506705100,"circlet_count":0,"master_deck":["AscendersBane","Strike_B","Strike_B","Strike_B","Strike_B","Defend_B","Defend_B","Defend_B","Defend_B","Zap+1","Dualcast","Sweeping Beam","Rainbow","Conserve Battery","Barrage","Cold Snap","Seek","Ball Lightning","Genetic Algorithm","Ball Lightning"],"relics":["Cracked Core","Dream Catcher","Tiny Chest","Blood Vial","The Courier"],"potions_floor_usage":[14,16],"damage_taken":[{"damage":2,"enemies":"Jaw Worm","floor":1,"turns":5},{"damage":3,"enemies":"2 Louse","floor":3,"turns":2},{"damage":0,"enemies":"Cultist","floor":4,"turns":3},{"damage":29,"enemies":"3 Sentries","floor":7,"turns":8},{"damage":19,"enemies":"Exordium Wildlife","floor":8,"turns":3},{"damage":0,"enemies":"Looter","floor":11,"turns":3},{"damage":26,"enemies":"Lagavulin","floor":13,"turns":5},{"damage":1,"enemies":"3 Louse","floor":14,"turns":2},{"damage":32,"enemies":"The Guardian","floor":16,"turns":9}],"seed_played":"-1994950913609897593","potions_obtained":[{"floor":3,"key":"GamblersBrew"},{"floor":7,"key":"Strength Potion"},{"floor":8,"key":"EssenceOfSteel"},{"floor":11,"key":"DuplicationPotion"}],"is_trial":false,"path_per_floor":["M","?","M","M","?","R","E","M","T","R","M","R","E","M","R","B"],"character_chosen":"DEFECT","items_purchased":[],"campfire_rested":2,"item_purchase_floors":[],"current_hp_per_floor":[62,51,48,48,53,53,24,5,5,27,29,29,5,6,28,0],"gold":368,"neow_bonus":"HUNDRED_GOLD","is_prod":false,"is_daily":false,"chose_seed":false,"campfire_upgraded":1,"win_rate":0,"timestamp":1604212860,"path_taken":["M","?","M","M","?","R","E","M","T","R","M","R","E","M","R","BOSS"],"build_version":"2020-07-30","purchased_purges":0,"victory":false,"max_hp_per_floor":[71,71,71,71,76,76,76,76,76,76,76,76,76,76,76,76],"card_choices":[{"not_picked":["Beam Cell","Turbo"],"picked":"Sweeping Beam","floor":1},{"not_picked":["Rebound","Steam"],"picked":"Rainbow","floor":3},{"not_picked":["Redo","Coolheaded","Storm"],"picked":"SKIP","floor":4},{"not_picked":["Rebound","Gash"],"picked":"Conserve Battery","floor":7},{"not_picked":["Go for the Eyes","Chill"],"picked":"Barrage","floor":8},{"not_picked":["Conserve Battery","Storm"],"picked":"Cold Snap","floor":10},{"not_picked":["Streamline","Sweeping Beam"],"picked":"Seek","floor":11},{"not_picked":["Beam Cell","Recycle"],"picked":"Ball Lightning","floor":13},{"not_picked":["Gash","Doom and Gloom"],"picked":"Genetic Algorithm","floor":14},{"not_picked":["Force Field","Leap"],"picked":"Ball Lightning","floor":15}],"player_experience":2617194,"relics_obtained":[{"floor":7,"key":"Tiny Chest"},{"floor":9,"key":"Blood Vial"},{"floor":13,"key":"The Courier"}],"event_choices":[{"damage_healed":0,"gold_gain":0,"player_choice":"Success","damage_taken":11,"relics_obtained":["Dream Catcher"],"max_hp_gain":0,"max_hp_loss":0,"event_name":"Scrap Ooze","floor":2,"gold_loss":0},{"damage_healed":0,"gold_gain":0,"player_choice":"Donut","damage_taken":0,"max_hp_gain":5,"max_hp_loss":0,"event_name":"Big Fish","floor":5,"gold_loss":0}],"is_beta":true,"boss_relics":[],"items_purged_floors":[],"is_endless":false,"potions_floor_spawned":[3,7,8,11,13],"killed_by":"The Guardian","ascension_level":20}