{"gold_per_floor":[110,110,124,141,161,161,187,187,187,201,229,229,229,243,243,315,315,325,240,240,259,309,309,2,36,36,74,92,119,228,270,270,351,351,375,393,42,65,89,115,115,115,138,173,173,194,253,280,280,280,280],"floor_reached":51,"playtime":4972,"items_purged":[],"score":1521,"play_id":"a0727c8a-d024-4040-846c-18f13e21188e","local_time":"20201109235716","is_ascension_mode":true,"campfire_choices":[{"data":"Zap","floor":6.0,"key":"SMITH"},{"data":"Capacitor","floor":8.0,"key":"SMITH"},{"data":"Streamline","floor":12.0,"key":"SMITH"},{"data":"Compile Driver","floor":15.0,"key":"SMITH"},{"floor":23.0,"key":"REST"},{"data":"Go for the Eyes","floor":32.0,"key":"SMITH"},{"floor":41.0,"key":"RECALL"},{"data":"Zap+1","floor":45.0,"key":"PURGE"},{"data":"Ball Lightning","floor":49.0,"key":"PURGE"}],"neow_cost":"NONE","seed_source_timestamp":2239896457483700,"circlet_count":0,"master_deck":["AscendersBane","Defend_B","Defend_B","Defend_B","Defend_B","Dualcast","Glacier","Self Repair","FTL","Cold Snap","Capacitor+1","Streamline+1","Compile Driver+1","Buffer+1","Darkness+1","All For One+1","Skim+1","Chill+1","Necronomicurse","Go for the Eyes+1","Cold Snap","Barrage+1","Cold Snap+1","Ghostly+1","Ghostly+1","Ghostly+1","Redo+1","Creative AI+1","Glacier+1","Master of Strategy+1","Finesse+1","Defragment+1","Consume+1","Undo+1","Creative AI+1","Turbo+1","Consume+1","Defragment+1"],"special_seed":0,"relics":["Cracked Core","Eternal Feather","Frozen Egg 2","Regal Pillow","White Beast Statue","Astrolabe","Kunai","Necronomicon","Toxic Egg 2","CeramicFish","Akabeko","Mango","Girya","Pantograph","PreservedInsect","Black Star","Shuriken","Peace Pipe","Centennial Puzzle","Pear","Mummified Hand","Emotion Chip"],"potions_floor_usage":[51,51],"damage_taken":[{"damage":1.0,"enemies":"Small Slimes","floor":1.0,"turns":3.0},{"damage":1.0,"enemies":"Jaw Worm","floor":3.0,"turns":5.0},{"damage":2.0,"enemies":"2 Louse","floor":4.0,"turns":4.0},{"damage":5.0,"enemies":"2 Fungi Beasts","floor":5.0,"turns":4.0},{"damage":22.0,"enemies":"Lagavulin","floor":7.0,"turns":10.0},{"damage":10.0,"enemies":"3 Louse","floor":10.0,"turns":5.0},{"damage":31.0,"enemies":"3 Sentries","floor":11.0,"turns":12.0},{"damage":8.0,"enemies":"Blue Slaver","floor":14.0,"turns":4.0},{"damage":54.0,"enemies":"Slime Boss","floor":16.0,"turns":14.0},{"damage":16.0,"enemies":"Shell Parasite","floor":18.0,"turns":4.0},{"damage":0.0,"enemies":"Chosen","floor":21.0,"turns":3.0},{"damage":13.0,"enemies":"Slavers","floor":25.0,"turns":11.0},{"damage":25.0,"enemies":"Book of Stabbing","floor":27.0,"turns":4.0},{"damage":0.0,"enemies":"Sentry and Sphere","floor":28.0,"turns":4.0},{"damage":14.0,"enemies":"Colosseum Slavers","floor":30.0,"turns":4.0},{"damage":3.0,"enemies":"Colosseum Nobs","floor":30.0,"turns":7.0},{"damage":24.0,"enemies":"Slavers","floor":31.0,"turns":7.0},{"damage":12.0,"enemies":"Collector","floor":33.0,"turns":9.0},{"damage":0.0,"enemies":"3 Shapes","floor":35.0,"turns":10.0},{"damage":4.0,"enemies":"3 Darklings","floor":38.0,"turns":6.0},{"damage":23.0,"enemies":"Jaw Worm Horde","floor":39.0,"turns":8.0},{"damage":5.0,"enemies":"Nemesis","floor":40.0,"turns":12.0},{"damage":0.0,"enemies":"Giant Head","floor":44.0,"turns":12.0},{"damage":0.0,"enemies":"Transient","floor":46.0,"turns":6.0},{"damage":33.0,"enemies":"2 Orb Walkers","floor":47.0,"turns":7.0},{"damage":16.0,"enemies":"Spire Growth","floor":48.0,"turns":5.0},{"damage":31,"enemies":"Time Eater","floor":50,"turns":14},{"damage":61,"enemies":"Awakened One","floor":51,"turns":5}],"seed_played":"-7974762498912553133","potions_obtained":[{"floor":1.0,"key":"LiquidBronze"},{"floor":5.0,"key":"Regen Potion"},{"floor":7.0,"key":"ColorlessPotion"},{"floor":14.0,"key":"PotionOfCapacity"},{"floor":16.0,"key":"Energy Potion"},{"floor":18.0,"key":"SneckoOil"},{"floor":21.0,"key":"FocusPotion"},{"floor":25.0,"key":"FearPotion"},{"floor":27.0,"key":"CultistPotion"},{"floor":28.0,"key":"DistilledChaos"},{"floor":30.0,"key":"PotionOfCapacity"},{"floor":31.0,"key":"Fruit Juice"},{"floor":33.0,"key":"Regen Potion"},{"floor":35.0,"key":"Swift Potion"},{"floor":38.0,"key":"EssenceOfSteel"},{"floor":40.0,"key":"SteroidPotion"},{"floor":44.0,"key":"AttackPotion"},{"floor":46.0,"key":"DuplicationPotion"},{"floor":47.0,"key":"Fire Potion"},{"floor":48.0,"key":"Dexterity Potion"}],"is_trial":false,"path_per_floor":["M","?","M","M","M","R","E","R","T","M","E","R","?","M","R","B",null,"M","?","?","M","?","R","$","E","T","E","M","?","?","E","R","B",null,"M","?","$","M","M","E","R","?","T","E","R","M","?","M","R","B","B"],"character_chosen":"DEFECT","items_purchased":["Toxic Egg 2","Cold Snap","Defragment+1","Shuriken"],"campfire_rested":1,"item_purchase_floors":[24,24,37,37],"current_hp_per_floor":[63,63,62,67,69,69,54,63,63,60,36,45,34,33,42,10,56,47,47,26,26,26,71,71,65,65,61,68,42,32,13,28,42,46,47,37,37,40,17,34,47,47,47,57,57,57,24,15,36,40,0],"gold":280,"neow_bonus":"REMOVE_CARD","is_prod":false,"is_daily":false,"chose_seed":false,"campfire_upgraded":5,"win_rate":0,"timestamp":1604995036,"path_taken":["M","?","M","M","M","R","E","R","T","M","E","R","?","M","R","BOSS","M","?","?","M","?","R","$","E","T","E","M","?","?","E","R","BOSS","M","?","$","M","M","E","R","?","T","E","R","M","?","M","R","BOSS","BOSS"],"build_version":"2020-07-30","purchased_purges":0,"victory":false,"max_hp_per_floor":[71,71,71,71,71,71,71,71,71,71,71,71,71,71,71,71,71,71,71,71,71,71,71,71,71,71,85,85,42,42,47,47,47,47,47,47,47,47,47,47,47,47,47,57,57,57,57,57,57,57,57],"relic_stats":{"Regal Pillow":12,"counters":[28,199],"Astrolabe":["Darkness","All For One","Skim"],"CeramicFish":162,"Eternal Feather":88,"PreservedInsect":180,"Peace Pipe":2,"Centennial Puzzle":[12],"Emotion Chip":[10,2,8,0,0],"Shuriken":[14],"Mummified Hand":[83],"Pantograph":57,"Necronomicon":[27],"Black Star":2,"Kunai":[30],"obtain_stats":[{"Girya":30,"Regal Pillow":11,"Pear":44,"Astrolabe":17,"CeramicFish":25,"Eternal Feather":7,"Mango":27,"PreservedInsect":31,"Frozen Egg 2":9,"White Beast Statue":13,"Akabeko":26,"Peace Pipe":40,"Centennial Puzzle":40,"Emotion Chip":47,"Shuriken":37,"Mummified Hand":44,"Pantograph":30,"Necronomicon":20,"Black Star":34,"Kunai":19,"Toxic Egg 2":24,"Cracked Core":0},{"Girya":16,"Regal Pillow":7,"Pear":23,"Astrolabe":9,"CeramicFish":12,"Eternal Feather":5,"Mango":13,"PreservedInsect":17,"Frozen Egg 2":5,"White Beast Statue":7,"Akabeko":12,"Peace Pipe":22,"Centennial Puzzle":22,"Emotion Chip":25,"Shuriken":19,"Mummified Hand":23,"Pantograph":16,"Necronomicon":10,"Black Star":18,"Kunai":10,"Toxic Egg 2":11,"Cracked Core":0},{"Girya":98,"Regal Pillow":43,"Pear":162,"Astrolabe":61,"CeramicFish":79,"Eternal Feather":26,"Mango":83,"PreservedInsect":105,"Frozen Egg 2":26,"White Beast Statue":43,"Akabeko":79,"Peace Pipe":150,"Centennial Puzzle":150,"Emotion Chip":175,"Shuriken":124,"Mummified Hand":162,"Pantograph":98,"Necronomicon":65,"Black Star":114,"Kunai":65,"Toxic Egg 2":68,"Cracked Core":0}]},"card_choices":[{"not_picked":["Aggregate","Conserve Battery"],"picked":"Glacier","floor":1.0},{"not_picked":["Recycle","Static Discharge"],"picked":"Self Repair","floor":3.0},{"not_picked":["Leap","Hologram"],"picked":"FTL","floor":4.0},{"not_picked":["Coolheaded","Reboot"],"picked":"Cold Snap","floor":5.0},{"not_picked":["Redo","Auto Shields"],"picked":"Capacitor","floor":7.0},{"not_picked":["Gash","Redo","Turbo"],"picked":"SKIP","floor":10.0},{"not_picked":["Reprogram","Leap"],"picked":"Streamline","floor":11.0},{"not_picked":["Go for the Eyes","Reinforced Body"],"picked":"Compile Driver","floor":14.0},{"not_picked":["Fission","Core Surge"],"picked":"Buffer+1","floor":16.0},{"not_picked":["Steam Power","Barrage"],"picked":"Chill+1","floor":18.0},{"not_picked":["Auto Shields","White Noise"],"picked":"Go for the Eyes","floor":21.0},{"not_picked":["Rainbow+1","Coolheaded+1"],"picked":"Barrage+1","floor":25.0},{"not_picked":["Hello World+1","Streamline"],"picked":"Cold Snap+1","floor":27.0},{"not_picked":["Skim+1","Barrage","Gash"],"picked":"SKIP","floor":28.0},{"not_picked":["Gash","Conserve Battery+1"],"picked":"Ball Lightning","floor":30.0},{"not_picked":["Streamline","Fusion+1"],"picked":"Redo+1","floor":31.0},{"not_picked":["Amplify+1","Reboot+1"],"picked":"Creative AI+1","floor":33.0},{"not_picked":["Sweeping Beam","Cold Snap+1"],"picked":"Glacier+1","floor":35.0},{"not_picked":["Mind Blast","Dramatic Entrance"],"picked":"Master of Strategy+1","floor":36.0},{"not_picked":["Dramatic Entrance","Good Instincts+1"],"picked":"Finesse+1","floor":36.0},{"not_picked":["Hologram+1","Tempest+1"],"picked":"Consume+1","floor":38.0},{"not_picked":["Beam Cell","Compile Driver"],"picked":"Undo+1","floor":39.0},{"not_picked":["Compile Driver","Cold Snap+1","Stack+1"],"picked":"SKIP","floor":40.0},{"not_picked":["Steam Power+1","Thunder Strike"],"picked":"Creative AI+1","floor":44.0},{"not_picked":["Fusion+1","Stack+1"],"picked":"Turbo+1","floor":46.0},{"not_picked":["Self Repair+1","Ball Lightning+1"],"picked":"Consume+1","floor":47.0},{"not_picked":["Storm+1","Rebound+1"],"picked":"Defragment+1","floor":48.0}],"player_experience":2745203,"relics_obtained":[{"floor":7.0,"key":"Eternal Feather"},{"floor":9.0,"key":"Frozen Egg 2"},{"floor":11.0,"key":"Regal Pillow"},{"floor":20.0,"key":"Necronomicon"},{"floor":25.0,"key":"CeramicFish"},{"floor":26.0,"key":"Akabeko"},{"floor":27.0,"key":"Mango"},{"floor":30.0,"key":"Girya"},{"floor":30.0,"key":"Pantograph"},{"floor":31.0,"key":"PreservedInsect"},{"floor":40.0,"key":"Peace Pipe"},{"floor":40.0,"key":"Centennial Puzzle"},{"floor":44.0,"key":"Pear"},{"floor":44.0,"key":"Mummified Hand"},{"floor":47.0,"key":"Emotion Chip"}],"event_choices":[{"damage_healed":0.0,"max_hp_gain":0.0,"max_hp_loss":0.0,"gold_gain":0.0,"event_name":"The Cleric","player_choice":"Leave","floor":2.0,"gold_loss":0.0,"damage_taken":0.0},{"damage_healed":0.0,"max_hp_gain":0.0,"max_hp_loss":0.0,"gold_gain":0.0,"event_name":"Scrap Ooze","player_choice":"Success","floor":13.0,"gold_loss":0.0,"damage_taken":11.0,"relics_obtained":["White Beast Statue"]},{"damage_healed":0.0,"max_hp_gain":0.0,"max_hp_loss":0.0,"gold_gain":0.0,"event_name":"Addict","player_choice":"Obtained Relic","floor":19.0,"gold_loss":85.0,"damage_taken":0.0,"relics_obtained":["Kunai"]},{"damage_healed":0.0,"max_hp_gain":0.0,"max_hp_loss":0.0,"gold_gain":0.0,"event_name":"Cursed Tome","player_choice":"Obtained Book","floor":20.0,"gold_loss":0.0,"damage_taken":21.0},{"damage_healed":0.0,"max_hp_gain":0.0,"max_hp_loss":0.0,"gold_gain":50.0,"event_name":"Nest","player_choice":"Stole From Cult","floor":22.0,"gold_loss":0.0,"damage_taken":0.0},{"damage_healed":0.0,"max_hp_gain":0.0,"max_hp_loss":43.0,"gold_gain":0.0,"event_name":"Ghosts","player_choice":"Became a Ghost","floor":29.0,"gold_loss":0.0,"damage_taken":0.0,"cards_obtained":["Ghostly","Ghostly","Ghostly"]},{"damage_healed":0.0,"max_hp_gain":0.0,"max_hp_loss":0.0,"gold_gain":0.0,"event_name":"Colosseum","player_choice":"Fight","floor":30.0,"gold_loss":0.0,"damage_taken":0.0},{"damage_healed":0.0,"max_hp_gain":0.0,"max_hp_loss":0.0,"gold_gain":0.0,"event_name":"Colosseum","player_choice":"Fought Nobs","floor":30.0,"gold_loss":0.0,"damage_taken":0.0},{"damage_healed":0.0,"max_hp_gain":0.0,"max_hp_loss":0.0,"gold_gain":0.0,"event_name":"SensoryStone","player_choice":"Memory 3","floor":36.0,"gold_loss":0.0,"damage_taken":10.0},{"damage_healed":0.0,"max_hp_gain":0.0,"max_hp_loss":0.0,"gold_gain":0.0,"event_name":"Tomb of Lord Red Mask","player_choice":"Ignored","floor":42.0,"gold_loss":0.0,"damage_taken":0.0},{"damage_healed":0.0,"max_hp_gain":0.0,"max_hp_loss":0.0,"gold_gain":0.0,"event_name":"Mysterious Sphere","player_choice":"Fight","floor":47.0,"gold_loss":0.0,"damage_taken":0.0}],"is_beta":true,"boss_relics":[{"not_picked":["SlaversCollar","Tiny House"],"picked":"Astrolabe"},{"not_picked":["Runic Dome","Inserter"],"picked":"Black Star"}],"items_purged_floors":[],"is_endless":false,"potions_floor_spawned":[1,5,7,10,14,16,18,21,25,27,28,30,30,31,33,35,38,39,40,44,46,47,48],"killed_by":"Awakened One","ascension_level":20}