{"gold_per_floor":[113,123,141,141,141,168,168,186,211,211,241,316,331,331,331,331],"floor_reached":16,"playtime":941,"items_purged":[],"score":220,"play_id":"82e98b05-3e39-4fc2-9c61-d6394631b59c","local_time":"20201109223111","is_ascension_mode":true,"campfire_choices":[{"data":"Hyperbeam","floor":7,"key":"SMITH"},{"floor":10,"key":"REST"},{"data":"Creative AI","floor":15,"key":"SMITH"}],"neow_cost":"TEN_PERCENT_HP_LOSS","seed_source_timestamp":2238943338706100,"circlet_count":0,"master_deck":["AscendersBane","Strike_B","Strike_B","Strike_B","Defend_B","Defend_B","Defend_B","Defend_B","Zap","Dualcast","Hyperbeam+1","Sweeping Beam","Cold Snap","White Noise","Creative AI+1"],"relics":["Cracked Core","Omamori","Happy Flower","Smiling Mask"],"potions_floor_usage":[6,11,16],"damage_taken":[{"damage":9,"enemies":"Jaw Worm","floor":1,"turns":3},{"damage":0,"enemies":"2 Louse","floor":2,"turns":1},{"damage":0,"enemies":"Small Slimes","floor":3,"turns":1},{"damage":34,"enemies":"Lagavulin","floor":6,"turns":6},{"damage":7,"enemies":"Exordium Wildlife","floor":8,"turns":2},{"damage":9,"enemies":"Gremlin Nob","floor":11,"turns":3},{"damage":0,"enemies":"2 Fungi Beasts","floor":13,"turns":1},{"damage":13,"enemies":"The Guardian","floor":16,"turns":4}],"seed_played":"-6014726304464209891","potions_obtained":[{"floor":3,"key":"Swift Potion"},{"floor":6,"key":"SteroidPotion"},{"floor":11,"key":"SkillPotion"},{"floor":13,"key":"Fire Potion"}],"is_trial":false,"path_per_floor":["M","M","M","?","?","E","R","M","T","R","E","?","M","?","R","B"],"character_chosen":"DEFECT","items_purchased":[],"campfire_rested":1,"item_purchase_floors":[],"current_hp_per_floor":[55,55,55,55,48,14,14,7,7,26,17,6,6,6,6,0],"gold":331,"neow_bonus":"THREE_RARE_CARDS","is_prod":false,"is_daily":false,"chose_seed":false,"campfire_upgraded":2,"win_rate":0,"timestamp":1604989871,"path_taken":["M","M","M","?","?","E","R","M","T","R","E","?","M","?","R","BOSS"],"build_version":"2020-07-30","purchased_purges":0,"victory":false,"max_hp_per_floor":[64,64,64,64,64,64,64,64,64,64,64,64,64,64,64,64],"relic_stats":{"Happy Flower":[2],"counters":[8,21],"Smiling Mask":0,"obtain_stats":[{"Happy Flower":9,"Omamori":6,"Cracked Core":0,"Smiling Mask":11},{"Happy Flower":5,"Omamori":4,"Cracked Core":0,"Smiling Mask":6},{"Happy Flower":13,"Omamori":11,"Cracked Core":0,"Smiling Mask":16}]},"card_choices":[{"not_picked":["All For One","Creative AI"],"picked":"Hyperbeam","floor":0},{"not_picked":["Leap","Coolheaded"],"picked":"Sweeping Beam","floor":1},{"not_picked":["Conserve Battery","BootSequence"],"picked":"Cold Snap","floor":2},{"not_picked":["Steam","Hello World","Stack"],"picked":"SKIP","floor":3},{"not_picked":["Doom and Gloom","Double Energy","Chill"],"picked":"SKIP","floor":6},{"not_picked":["Steam","Force Field","Recycle"],"picked":"SKIP","floor":8},{"not_picked":["Leap","Lockon"],"picked":"White Noise","floor":11},{"not_picked":["Stack","Skim"],"picked":"Creative AI","floor":13}],"player_experience":2744262,"relics_obtained":[{"floor":6,"key":"Omamori"},{"floor":9,"key":"Happy Flower"},{"floor":11,"key":"Smiling Mask"}],"event_choices":[{"damage_healed":0,"gold_gain":0,"player_choice":"Ignored","damage_taken":0,"max_hp_gain":0,"max_hp_loss":0,"event_name":"Liars Game","floor":4,"gold_loss":0},{"cards_removed":["Strike_B"],"damage_healed":0,"gold_gain":0,"player_choice":"Card Removal","damage_taken":7,"max_hp_gain":0,"max_hp_loss":0,"event_name":"Golden Wing","floor":5,"gold_loss":0},{"damage_healed":0,"gold_gain":75,"player_choice":"Gather Gold","damage_taken":11,"max_hp_gain":0,"max_hp_loss":0,"event_name":"World of Goop","floor":12,"gold_loss":0},{"damage_healed":0,"gold_gain":0,"player_choice":"Ignored","damage_taken":0,"max_hp_gain":0,"max_hp_loss":0,"event_name":"Shining Light","floor":14,"gold_loss":0}],"is_beta":true,"boss_relics":[],"items_purged_floors":[],"is_endless":false,"potions_floor_spawned":[3,6,11,13],"killed_by":"The Guardian","ascension_level":20}