{"gold_per_floor":[110,124,49,59,59,59,84,84,164,19,36,61,61,61,61,61],"floor_reached":16,"playtime":765,"items_purged":[],"score":196,"play_id":"27b4d891-79df-4769-96a5-c15756505145","local_time":"20201029235703","is_ascension_mode":true,"campfire_choices":[{"data":"Dualcast","floor":6,"key":"SMITH"},{"data":"Cold Snap","floor":8,"key":"SMITH"},{"data":"Doom and Gloom","floor":15,"key":"SMITH"}],"neow_cost":"NONE","seed_source_timestamp":1290264565801900,"circlet_count":0,"master_deck":["AscendersBane","Strike_B","Strike_B","Strike_B","Defend_B","Defend_B","Defend_B","Defend_B","Zap+1","Dualcast+1","Ball Lightning+1","Glacier","Cold Snap+1","Capacitor","Hologram","Doom and Gloom+1"],"relics":["Cracked Core","Centennial Puzzle","Eternal Feather","Odd Mushroom","FaceOfCleric"],"potions_floor_usage":[12,16,16],"damage_taken":[{"damage":7,"enemies":"Jaw Worm","floor":1,"turns":2},{"damage":0,"enemies":"Cultist","floor":2,"turns":3},{"damage":0,"enemies":"Small Slimes","floor":4,"turns":2},{"damage":14,"enemies":"Lagavulin","floor":7,"turns":9},{"damage":31,"enemies":"Gremlin Gang","floor":11,"turns":4},{"damage":5,"enemies":"The Mushroom Lair","floor":12,"turns":5},{"damage":16,"enemies":"The Guardian","floor":16,"turns":9}],"seed_played":"5028053486526376234","potions_obtained":[{"floor":11,"key":"Block Potion"},{"floor":12,"key":"PowerPotion"}],"is_trial":false,"path_per_floor":["M","M","?","M","?","R","E","R","T","$","M","?","$","?","R","B"],"character_chosen":"DEFECT","items_purchased":["Capacitor","FearPotion"],"campfire_rested":0,"item_purchase_floors":[10,10],"current_hp_per_floor":[57,57,57,57,57,57,43,43,43,43,12,7,7,7,16,0],"gold":61,"neow_bonus":"UPGRADE_CARD","is_prod":false,"is_daily":false,"chose_seed":false,"campfire_upgraded":3,"win_rate":0,"timestamp":1604041023,"path_taken":["M","M","?","M","?","R","E","R","T","$","?","?","$","?","R","BOSS"],"build_version":"2020-07-30","purchased_purges":0,"victory":false,"max_hp_per_floor":[71,71,71,71,71,71,71,71,71,71,71,71,71,71,71,71],"card_choices":[{"not_picked":["Streamline","Turbo"],"picked":"Ball Lightning","floor":1},{"not_picked":["Hologram","Sweeping Beam"],"picked":"Glacier","floor":2},{"not_picked":["Stack","Coolheaded","Turbo"],"picked":"SKIP","floor":4},{"not_picked":["Coolheaded","White Noise"],"picked":"Cold Snap","floor":7},{"not_picked":["Hello World","Multi-Cast"],"picked":"Hologram","floor":11},{"not_picked":["Reprogram","White Noise"],"picked":"Doom and Gloom","floor":12}],"player_experience":2605444,"relics_obtained":[{"floor":7,"key":"Centennial Puzzle"},{"floor":9,"key":"Eternal Feather"},{"floor":12,"key":"Odd Mushroom"}],"event_choices":[{"cards_removed":["Strike_B"],"damage_healed":0,"gold_gain":0,"player_choice":"Card Removal","damage_taken":0,"max_hp_gain":0,"max_hp_loss":0,"event_name":"The Cleric","floor":3,"gold_loss":75},{"damage_healed":0,"gold_gain":0,"player_choice":"Upgraded","damage_taken":0,"max_hp_gain":0,"max_hp_loss":0,"event_name":"Upgrade Shrine","floor":5,"gold_loss":0,"cards_upgraded":["Ball Lightning"]},{"damage_healed":0,"gold_gain":0,"player_choice":"Fought Mushrooms","damage_taken":0,"max_hp_gain":0,"max_hp_loss":0,"event_name":"Mushrooms","floor":12,"gold_loss":0},{"damage_healed":0,"gold_gain":0,"player_choice":"Trade","damage_taken":0,"relics_obtained":["FaceOfCleric"],"max_hp_gain":0,"max_hp_loss":0,"event_name":"FaceTrader","floor":14,"gold_loss":0}],"is_beta":true,"boss_relics":[],"items_purged_floors":[],"is_endless":false,"potions_floor_spawned":[11,12],"killed_by":"The Guardian","ascension_level":20}