{"gold_per_floor":[110,110,126,36,36,36,56,75,75,110,130,166,166,182,182,182],"floor_reached":16,"playtime":820,"items_purged":[],"score":224,"play_id":"4c99069a-052d-4d17-bf52-d36bb106f8e7","local_time":"20210521162129","is_ascension_mode":true,"campfire_choices":[{"floor":6,"key":"REST"},{"data":"Defragment","floor":13,"key":"SMITH"},{"floor":15,"key":"REST"}],"neow_cost":"TEN_PERCENT_HP_LOSS","seed_source_timestamp":50669696990900,"circlet_count":0,"master_deck":["AscendersBane","Strike_B","Strike_B","Strike_B","Strike_B","Defend_B","Defend_B","Defend_B+1","Defend_B","Zap","Dualcast+1","Ball Lightning","Compile Driver","Defragment+1","Steam","Genetic Algorithm","Cold Snap","Leap"],"relics":["Cracked Core","Emotion Chip","Ornamental Fan","Golden Idol","Symbiotic Virus","Blue Candle","War Paint"],"potions_floor_usage":[10,16],"damage_taken":[{"damage":5,"enemies":"2 Louse","floor":1,"turns":2},{"damage":0,"enemies":"Small Slimes","floor":3,"turns":3},{"damage":2,"enemies":"Jaw Worm","floor":7,"turns":3},{"damage":9,"enemies":"Red Slaver","floor":8,"turns":3},{"damage":5,"enemies":"Lagavulin","floor":10,"turns":5},{"damage":0,"enemies":"2 Fungi Beasts","floor":11,"turns":3},{"damage":11,"enemies":"3 Sentries","floor":12,"turns":5},{"damage":11,"enemies":"Exordium Thugs","floor":14,"turns":3},{"damage":22,"enemies":"The Guardian","floor":16,"turns":2}],"seed_played":"2101189423557319611","potions_obtained":[{"floor":3,"key":"Energy Potion"},{"floor":8,"key":"Weak Potion"},{"floor":11,"key":"Dexterity Potion"}],"is_trial":false,"path_per_floor":["M","?","M","$","?","R","M","M","T","E","M","E","R","M","R","B"],"character_chosen":"DEFECT","items_purchased":["Defragment"],"campfire_rested":2,"item_purchase_floors":[4],"current_hp_per_floor":[59,24,24,24,24,41,39,30,30,25,25,14,14,3,20,0],"gold":182,"neow_bonus":"ONE_RARE_RELIC","is_prod":false,"is_daily":false,"chose_seed":false,"campfire_upgraded":1,"win_rate":0,"timestamp":1621639289,"path_taken":["M","?","M","$","?","R","M","M","T","E","M","E","R","?","R","BOSS"],"build_version":"2020-12-18","purchased_purges":0,"victory":false,"max_hp_per_floor":[64,64,64,64,58,58,58,58,58,58,58,58,58,58,58,58],"relic_stats":{"Emotion Chip":[14,11,0,3,0],"counters":[9,29],"Ornamental Fan":[12],"Golden Idol":29,"Blue Candle":[0],"War Paint":["Defend_B","Dualcast"],"obtain_stats":[{"Emotion Chip":0,"Ornamental Fan":2,"Golden Idol":5,"Blue Candle":10,"War Paint":12,"Cracked Core":0,"Symbiotic Virus":9},{"Emotion Chip":0,"Ornamental Fan":1,"Golden Idol":2,"Blue Candle":5,"War Paint":7,"Cracked Core":0,"Symbiotic Virus":4},{"Emotion Chip":0,"Ornamental Fan":2,"Golden Idol":5,"Blue Candle":16,"War Paint":24,"Cracked Core":0,"Symbiotic Virus":11}]},"card_choices":[{"not_picked":["Conserve Battery","Chill"],"picked":"Ball Lightning","floor":1},{"not_picked":["Turbo","Storm"],"picked":"Compile Driver","floor":3},{"not_picked":["Leap","Turbo","Stack"],"picked":"SKIP","floor":7},{"not_picked":["Gash","Auto Shields"],"picked":"Steam","floor":8},{"not_picked":["Steam","Streamline"],"picked":"Genetic Algorithm","floor":10},{"not_picked":["Coolheaded","Rip and Tear"],"picked":"Cold Snap","floor":11},{"not_picked":["Blizzard","Steam","Go for the Eyes"],"picked":"SKIP","floor":12},{"not_picked":["Storm","Tempest"],"picked":"Leap","floor":14}],"player_experience":3746005,"relics_obtained":[{"floor":9,"key":"Symbiotic Virus"},{"floor":10,"key":"Blue Candle"},{"floor":12,"key":"War Paint"}],"event_choices":[{"damage_healed":0,"gold_gain":0,"player_choice":"Success","damage_taken":35,"relics_obtained":["Ornamental Fan"],"max_hp_gain":0,"max_hp_loss":0,"event_name":"Scrap Ooze","floor":2,"gold_loss":0},{"damage_healed":0,"gold_gain":0,"player_choice":"Lose Max HP","damage_taken":0,"relics_obtained":["Golden Idol"],"max_hp_gain":0,"max_hp_loss":6,"event_name":"Golden Idol","floor":5,"gold_loss":0}],"is_beta":true,"boss_relics":[],"items_purged_floors":[],"is_endless":false,"potions_floor_spawned":[3,8,11],"killed_by":"The Guardian","ascension_level":20}