{"gold_per_floor":[10,10,28,42,42,42,67,67,67,110,110,131,131,131],"floor_reached":14,"playtime":595,"items_purged":[],"score":180,"play_id":"81c1a5fd-a3f4-45e9-8605-38ee03cec2d5","local_time":"20210521163739","is_ascension_mode":true,"campfire_choices":[{"data":"Compile Driver","floor":6,"key":"SMITH"},{"floor":11,"key":"REST"},{"data":"Doom and Gloom","floor":13,"key":"SMITH"}],"neow_cost":"NO_GOLD","seed_source_timestamp":51865118097800,"circlet_count":0,"master_deck":["AscendersBane","Strike_B","Strike_B","Strike_B","Strike_B","Defend_B","Defend_B","Defend_B","Defend_B","Zap+1","Dualcast","Compile Driver+1","Chill","Ball Lightning","Doom and Gloom+1"],"relics":["Cracked Core","Turnip","Golden Idol","Smiling Mask","Frozen Egg 2","Unceasing Top"],"potions_floor_usage":[10,10,14],"damage_taken":[{"damage":3,"enemies":"2 Louse","floor":1,"turns":3},{"damage":1,"enemies":"Cultist","floor":3,"turns":3},{"damage":2,"enemies":"Jaw Worm","floor":4,"turns":4},{"damage":5,"enemies":"2 Fungi Beasts","floor":7,"turns":4},{"damage":30,"enemies":"Gremlin Nob","floor":10,"turns":4},{"damage":6,"enemies":"Looter","floor":12,"turns":2},{"damage":20,"enemies":"Lagavulin","floor":14,"turns":2}],"seed_played":"3060144788786358297","potions_obtained":[{"floor":1,"key":"ColorlessPotion"},{"floor":7,"key":"Ancient Potion"},{"floor":10,"key":"Energy Potion"}],"is_trial":false,"path_per_floor":["M","?","M","M","?","R","M","?","T","E","R","M","R","E"],"character_chosen":"DEFECT","items_purchased":[],"campfire_rested":1,"item_purchase_floors":[],"current_hp_per_floor":[61,61,60,58,58,58,53,35,35,5,24,18,18,0],"gold":131,"neow_bonus":"ONE_RARE_RELIC","is_prod":false,"is_daily":false,"chose_seed":false,"campfire_upgraded":2,"win_rate":0,"timestamp":1621640259,"path_taken":["M","?","?","M","?","R","M","?","T","E","R","M","R","E"],"build_version":"2020-12-18","purchased_purges":0,"victory":false,"max_hp_per_floor":[71,71,71,71,64,64,64,64,64,64,64,64,64,64],"relic_stats":{"counters":[7,22],"Golden Idol":18,"Turnip":[0],"Smiling Mask":0,"obtain_stats":[{"Golden Idol":5,"Turnip":0,"Frozen Egg 2":9,"Cracked Core":0,"Smiling Mask":8,"Unceasing Top":10},{"Golden Idol":3,"Turnip":0,"Frozen Egg 2":4,"Cracked Core":0,"Smiling Mask":4,"Unceasing Top":5},{"Golden Idol":10,"Turnip":0,"Frozen Egg 2":14,"Cracked Core":0,"Smiling Mask":14,"Unceasing Top":18}],"Unceasing Top":[0]},"card_choices":[{"not_picked":["Hologram","Gash"],"picked":"Compile Driver","floor":1},{"not_picked":["Redo","Steam"],"picked":"Chill","floor":3},{"not_picked":["Redo","BootSequence","Turbo"],"picked":"SKIP","floor":4},{"not_picked":["Leap","Turbo","Force Field"],"picked":"SKIP","floor":7},{"not_picked":["Streamline","Heatsinks+1"],"picked":"Ball Lightning","floor":10},{"not_picked":["Hello World+1","Stack"],"picked":"Doom and Gloom","floor":12}],"player_experience":3746825,"relics_obtained":[{"floor":9,"key":"Frozen Egg 2"},{"floor":10,"key":"Unceasing Top"}],"event_choices":[{"damage_healed":0,"gold_gain":0,"player_choice":"Upgraded","damage_taken":0,"max_hp_gain":0,"max_hp_loss":0,"event_name":"Upgrade Shrine","floor":2,"gold_loss":0,"cards_upgraded":["Zap"]},{"damage_healed":0,"gold_gain":0,"player_choice":"Lose Max HP","damage_taken":0,"relics_obtained":["Golden Idol"],"max_hp_gain":0,"max_hp_loss":7,"event_name":"Golden Idol","floor":5,"gold_loss":0},{"damage_healed":0,"gold_gain":0,"player_choice":"Success","damage_taken":18,"relics_obtained":["Smiling Mask"],"max_hp_gain":0,"max_hp_loss":0,"event_name":"Scrap Ooze","floor":8,"gold_loss":0}],"is_beta":true,"boss_relics":[],"items_purged_floors":[],"is_endless":false,"potions_floor_spawned":[1,7,10],"killed_by":"Lagavulin","ascension_level":20}