{"gold_per_floor":[118,194,205,205,221,221,6,24,24,24,49,68,103,103,103,196,196,220,145,195,214,214,214,227,227,227,227,263,263,0,44,44,44],"floor_reached":33,"playtime":2457,"items_purged":["Strike_B"],"score":632,"play_id":"940097c8-eddd-4139-835c-76a29651ec3c","local_time":"20210523001225","is_ascension_mode":true,"campfire_choices":[{"data":"Beam Cell","floor":6.0,"key":"SMITH"},{"data":"Zap","floor":10.0,"key":"SMITH"},{"data":"Electrodynamics","floor":15.0,"key":"SMITH"},{"data":"Rainbow","floor":23,"key":"SMITH"},{"data":"Coolheaded","floor":25,"key":"SMITH"},{"data":"Hologram","floor":32,"key":"SMITH"}],"neow_cost":"NONE","seed_source_timestamp":163603405774300,"circlet_count":0,"master_deck":["AscendersBane","Defend_B","Defend_B","Defend_B","Zap+1","Dualcast","Recycle+1","Darkness+1","Rebound+1","Beam Cell+1","Cold Snap","Cold Snap","Self Repair","Hologram+1","Sweeping Beam","Electrodynamics+1","FTL","Rainbow+1","Coolheaded+1","Coolheaded+1","Skim"],"special_seed":0,"relics":["Astrolabe","Lizard Tail","Membership Card","FossilizedHelix","Bird Faced Urn","Bottled Tornado","Golden Idol","Coffee Dripper","Sundial","Akabeko","Mummified Hand","DollysMirror","Gambling Chip"],"potions_floor_usage":[16,24,33],"damage_taken":[{"damage":6.0,"enemies":"2 Louse","floor":1.0,"turns":3.0},{"damage":9.0,"enemies":"Jaw Worm","floor":3.0,"turns":3.0},{"damage":0.0,"enemies":"Cultist","floor":5.0,"turns":2.0},{"damage":5.0,"enemies":"3 Louse","floor":8.0,"turns":5.0},{"damage":5.0,"enemies":"3 Sentries","floor":11.0,"turns":4.0},{"damage":0.0,"enemies":"Exordium Thugs","floor":12.0,"turns":4.0},{"damage":0.0,"enemies":"Gremlin Nob","floor":13.0,"turns":3.0},{"damage":41,"enemies":"Hexaghost","floor":16,"turns":8},{"damage":12,"enemies":"Shell Parasite","floor":18,"turns":4},{"damage":0,"enemies":"Chosen","floor":21,"turns":4},{"damage":33,"enemies":"Snake Plant","floor":24,"turns":3},{"damage":21,"enemies":"Gremlin Leader","floor":28,"turns":5},{"damage":23,"enemies":"Slavers","floor":31,"turns":3},{"damage":56,"enemies":"Automaton","floor":33,"turns":8}],"seed_played":"-1861303849614669909","potions_obtained":[{"floor":5.0,"key":"FocusPotion"},{"floor":8.0,"key":"PotionOfCapacity"},{"floor":11.0,"key":"BlessingOfTheForge"},{"floor":16,"key":"SteroidPotion"},{"floor":18,"key":"Regen Potion"},{"floor":24,"key":"SteroidPotion"},{"floor":28,"key":"Ancient Potion"}],"is_trial":false,"path_per_floor":["M","?","M","?","M","R","$","M","T","R","E","M","E","?","R","B",null,"M","?","?","M","?","R","M","R","T","$","E","?","$","E","R","B"],"character_chosen":"DEFECT","items_purchased":["Membership Card","Self Repair","Mummified Hand","DollysMirror","PotionOfCapacity"],"campfire_rested":0,"item_purchase_floors":[7,7,30,30,30],"current_hp_per_floor":[58,58,49,44,44,44,44,46,46,46,48,57,59,59,59,29,55,54,54,48,59,59,59,44,44,44,44,34,29,29,17,17,0],"gold":44,"neow_bonus":"BOSS_RELIC","is_prod":false,"is_daily":false,"chose_seed":false,"campfire_upgraded":6,"win_rate":0,"timestamp":1621753945,"path_taken":["M","?","M","?","M","R","$","M","T","R","E","M","E","?","R","BOSS","M","?","?","?","?","R","M","R","T","?","E","?","$","E","R","BOSS"],"build_version":"2020-12-18","purchased_purges":1,"victory":false,"max_hp_per_floor":[71,71,71,71,71,71,71,71,71,71,71,71,71,64,64,64,64,64,64,64,64,64,64,64,64,64,64,64,64,64,64,64,64],"relic_stats":{"Lizard Tail":32,"counters":[14,59],"Golden Idol":47,"Sundial":[2],"Mummified Hand":[4],"Astrolabe":["Recycle","Darkness","Rebound"],"Bird Faced Urn":[32],"Gambling Chip":[4],"obtain_stats":[{"Golden Idol":14,"Astrolabe":0,"Bottled Tornado":13,"Akabeko":28,"Lizard Tail":4,"Sundial":26,"Mummified Hand":30,"DollysMirror":30,"Bird Faced Urn":11,"Gambling Chip":31,"Coffee Dripper":17,"Membership Card":7,"Cracked Core":0,"FossilizedHelix":9},{"Golden Idol":7,"Astrolabe":0,"Bottled Tornado":7,"Akabeko":12,"Lizard Tail":2,"Sundial":11,"Mummified Hand":12,"DollysMirror":12,"Bird Faced Urn":5,"Gambling Chip":13,"Coffee Dripper":8,"Membership Card":3,"Cracked Core":0,"FossilizedHelix":4},{"Golden Idol":24,"Astrolabe":0,"Bottled Tornado":24,"Akabeko":48,"Lizard Tail":6,"Sundial":43,"Mummified Hand":48,"DollysMirror":48,"Bird Faced Urn":17,"Gambling Chip":51,"Coffee Dripper":32,"Membership Card":8,"Cracked Core":0,"FossilizedHelix":13}]},"card_choices":[{"not_picked":["Steam Power","Rebound"],"picked":"Beam Cell","floor":1.0},{"not_picked":["Scrape","Leap"],"picked":"Cold Snap","floor":3.0},{"not_picked":["Coolheaded","Undo"],"picked":"Cold Snap","floor":5.0},{"not_picked":["Rebound","Turbo"],"picked":"Hologram","floor":8.0},{"not_picked":["Steam","Scrape"],"picked":"Sweeping Beam","floor":11.0},{"not_picked":["Leap","FTL"],"picked":"Electrodynamics","floor":12.0},{"not_picked":["Steam","Go for the Eyes"],"picked":"FTL","floor":13.0},{"not_picked":["Hyperbeam","Reboot"],"picked":"Rainbow","floor":16},{"not_picked":["Ball Lightning","Recycle+1"],"picked":"Coolheaded","floor":18},{"not_picked":["Sweeping Beam","Double Energy","Conserve Battery"],"picked":"SKIP","floor":21},{"not_picked":["Beam Cell+1","Darkness","Redo"],"picked":"SKIP","floor":24},{"not_picked":["Tempest","Consume","Steam"],"picked":"SKIP","floor":28},{"not_picked":["Melter+1","Stack"],"picked":"Skim","floor":31}],"player_experience":3776677,"relics_obtained":[{"floor":9.0,"key":"FossilizedHelix"},{"floor":11.0,"key":"Bird Faced Urn"},{"floor":13.0,"key":"Bottled Tornado"},{"floor":26,"key":"Sundial"},{"floor":28,"key":"Akabeko"},{"floor":31,"key":"Gambling Chip"}],"event_choices":[{"damage_healed":0.0,"max_hp_gain":0.0,"max_hp_loss":0.0,"gold_gain":76.0,"event_name":"Golden Wing","player_choice":"Gained Gold","floor":2.0,"gold_loss":0.0,"damage_taken":0.0},{"damage_healed":0.0,"max_hp_gain":0.0,"max_hp_loss":0.0,"gold_gain":0.0,"event_name":"Scrap Ooze","player_choice":"Success","floor":4.0,"gold_loss":0.0,"damage_taken":5.0,"relics_obtained":["Lizard Tail"]},{"damage_healed":0.0,"max_hp_gain":0.0,"max_hp_loss":7.0,"gold_gain":0.0,"event_name":"Golden Idol","player_choice":"Lose Max HP","floor":14.0,"gold_loss":0.0,"damage_taken":0.0,"relics_obtained":["Golden Idol"]},{"cards_removed":["Strike_B"],"damage_healed":0,"gold_gain":0,"player_choice":"Gave Gold","damage_taken":0,"max_hp_gain":0,"max_hp_loss":0,"event_name":"Beggar","floor":19,"gold_loss":75},{"damage_healed":0,"gold_gain":50,"player_choice":"Touch","damage_taken":6,"max_hp_gain":0,"max_hp_loss":0,"event_name":"FaceTrader","floor":20,"gold_loss":0},{"damage_healed":0,"gold_gain":0,"player_choice":"Ignored","damage_taken":0,"max_hp_gain":0,"max_hp_loss":0,"event_name":"Vampires","floor":22,"gold_loss":0},{"damage_healed":0,"gold_gain":0,"player_choice":"Punched","damage_taken":5,"max_hp_gain":0,"max_hp_loss":0,"event_name":"Designer","floor":29,"gold_loss":0}],"is_beta":true,"boss_relics":[{"not_picked":["Tiny House","Calling Bell"],"picked":"Coffee Dripper"}],"items_purged_floors":[7],"is_endless":false,"potions_floor_spawned":[5,8,11,16,18,24,28],"killed_by":"Automaton","ascension_level":20}