{"gold_per_floor":[117,117,144,155,173,173,208,208],"floor_reached":8,"playtime":420,"items_purged":[],"score":112,"play_id":"631ed249-6c22-48de-935e-4e2d98ea7e23","local_time":"20210525160434","is_ascension_mode":true,"campfire_choices":[{"data":"Zap","floor":6,"key":"SMITH"}],"neow_cost":"NONE","seed_source_timestamp":395650719990600,"circlet_count":0,"master_deck":["AscendersBane","Strike_B","Strike_B","Strike_B","Defend_B","Defend_B","Defend_B","Defend_B","Zap+1","Dualcast","Seek","Genetic Algorithm","Gash"],"relics":["Cracked Core","Smiling Mask","Tiny Chest"],"potions_floor_usage":[7],"damage_taken":[{"damage":1,"enemies":"2 Louse","floor":1,"turns":4},{"damage":2,"enemies":"Jaw Worm","floor":4,"turns":4},{"damage":1,"enemies":"Cultist","floor":5,"turns":4},{"damage":30,"enemies":"Lagavulin","floor":7,"turns":7},{"damage":37,"enemies":"3 Sentries","floor":8,"turns":4}],"seed_played":"4496245437960276479","potions_obtained":[{"floor":4,"key":"Strength Potion"}],"is_trial":false,"path_per_floor":["M","?","T","M","M","R","E","?"],"character_chosen":"DEFECT","items_purchased":[],"campfire_rested":0,"item_purchase_floors":[],"current_hp_per_floor":[63,63,63,61,60,60,30,0],"gold":208,"neow_bonus":"TRANSFORM_CARD","is_prod":false,"is_daily":false,"chose_seed":false,"campfire_upgraded":1,"win_rate":0,"timestamp":1621983874,"path_taken":["M","?","?","?","M","R","E","?"],"build_version":"2020-12-18","purchased_purges":0,"victory":false,"max_hp_per_floor":[71,71,71,71,71,71,71,71],"relic_stats":{"counters":[5,23],"Tiny Chest":0,"Smiling Mask":0,"obtain_stats":[{"Tiny Chest":7,"Cracked Core":0,"Smiling Mask":3},{"Tiny Chest":4,"Cracked Core":0,"Smiling Mask":1},{"Tiny Chest":19,"Cracked Core":0,"Smiling Mask":4}]},"card_choices":[{"not_picked":["Leap","Scrape","Auto Shields"],"picked":"SKIP","floor":1},{"not_picked":["Force Field","Hello World","Redo"],"picked":"SKIP","floor":4},{"not_picked":["Coolheaded","Chaos"],"picked":"Genetic Algorithm","floor":5},{"not_picked":["Coolheaded","Melter"],"picked":"Gash","floor":7}],"player_experience":3793779,"relics_obtained":[{"floor":3,"key":"Smiling Mask"},{"floor":7,"key":"Tiny Chest"}],"event_choices":[{"damage_healed":0,"gold_gain":0,"player_choice":"Ignored","damage_taken":0,"max_hp_gain":0,"max_hp_loss":0,"event_name":"Liars Game","floor":2,"gold_loss":0},{"damage_healed":0,"gold_gain":0,"player_choice":"Searched \u00272\u0027 times","damage_taken":0,"max_hp_gain":0,"max_hp_loss":0,"event_name":"Dead Adventurer","floor":8,"gold_loss":0}],"is_beta":true,"boss_relics":[],"items_purged_floors":[],"is_endless":false,"potions_floor_spawned":[4],"killed_by":"3 Sentries","ascension_level":20}