{"gold_per_floor":[115,190,190,202,202,202,248,264,289,309,309,73,73,104,104,104],"floor_reached":16,"playtime":7138,"items_purged":["Strike_B"],"score":196,"play_id":"531ae28c-0da8-4692-9892-12d1b824fa59","local_time":"20210518213216","is_ascension_mode":true,"campfire_choices":[{"data":"Thunder Strike","floor":6,"key":"SMITH"},{"data":"Hologram","floor":11,"key":"SMITH"},{"floor":13,"key":"REST"},{"data":"Static Discharge","floor":15,"key":"SMITH"}],"neow_cost":"NONE","seed_source_timestamp":1678915989623700,"circlet_count":0,"master_deck":["AscendersBane","Strike_B","Strike_B","Strike_B+1","Defend_B+1","Defend_B","Defend_B","Defend_B","Zap+1","Dualcast","Compile Driver","Thunder Strike+1","Leap","Hologram+1","Static Discharge+1"],"relics":["Cracked Core","Tiny Chest","Bronze Scales","Ancient Tea Set","ClockworkSouvenir","Gremlin Horn"],"potions_floor_usage":[16],"damage_taken":[{"damage":1,"enemies":"Small Slimes","floor":1,"turns":3},{"damage":3,"enemies":"2 Louse","floor":4,"turns":3},{"damage":0,"enemies":"Cultist","floor":8,"turns":3},{"damage":0,"enemies":"Blue Slaver","floor":10,"turns":3},{"damage":22,"enemies":"Lagavulin","floor":14,"turns":6},{"damage":30,"enemies":"The Guardian","floor":16,"turns":6}],"seed_played":"-265424653329692221","potions_obtained":[{"floor":10,"key":"PotionOfCapacity"}],"is_trial":false,"path_per_floor":["M","?","?","M","?","R","T","M","T","M","R","$","R","E","R","B"],"character_chosen":"DEFECT","items_purchased":["ClockworkSouvenir"],"campfire_rested":1,"item_purchase_floors":[12],"current_hp_per_floor":[63,52,31,28,28,28,28,28,28,28,28,28,49,27,27,0],"gold":104,"neow_bonus":"RANDOM_COMMON_RELIC","is_prod":false,"is_daily":false,"chose_seed":false,"campfire_upgraded":3,"win_rate":0,"timestamp":1621398736,"path_taken":["M","?","?","M","?","R","?","?","T","M","R","$","R","E","R","BOSS"],"build_version":"2020-12-18","purchased_purges":1,"victory":false,"max_hp_per_floor":[71,71,71,71,71,71,71,71,71,71,71,71,71,71,71,71],"relic_stats":{"Gremlin Horn":[0,0],"counters":[6,24],"Bronze Scales":[36],"Tiny Chest":1,"obtain_stats":[{"Gremlin Horn":14,"Bronze Scales":7,"Tiny Chest":0,"Cracked Core":0,"Ancient Tea Set":9,"ClockworkSouvenir":12},{"Gremlin Horn":5,"Bronze Scales":2,"Tiny Chest":0,"Cracked Core":0,"Ancient Tea Set":3,"ClockworkSouvenir":4},{"Gremlin Horn":18,"Bronze Scales":6,"Tiny Chest":0,"Cracked Core":0,"Ancient Tea Set":9,"ClockworkSouvenir":12}]},"card_choices":[{"not_picked":["Coolheaded","Leap"],"picked":"Compile Driver","floor":1},{"not_picked":["Hello World","Coolheaded"],"picked":"Thunder Strike","floor":4},{"not_picked":["Stack","Barrage"],"picked":"Leap","floor":8},{"not_picked":["Blizzard","Redo"],"picked":"Hologram","floor":10},{"not_picked":["Heatsinks","Rainbow"],"picked":"Static Discharge","floor":14}],"player_experience":3701819,"relics_obtained":[{"floor":7,"key":"Bronze Scales"},{"floor":9,"key":"Ancient Tea Set"},{"floor":14,"key":"Gremlin Horn"}],"event_choices":[{"damage_healed":0,"gold_gain":75,"player_choice":"Gather Gold","damage_taken":11,"max_hp_gain":0,"max_hp_loss":0,"event_name":"World of Goop","floor":2,"gold_loss":0},{"damage_healed":0,"gold_gain":0,"player_choice":"Entered Light","damage_taken":21,"max_hp_gain":0,"max_hp_loss":0,"event_name":"Shining Light","floor":3,"gold_loss":0,"cards_upgraded":["Strike_B","Defend_B"]},{"damage_healed":0,"gold_gain":0,"player_choice":"Grow","damage_taken":0,"max_hp_gain":0,"max_hp_loss":0,"event_name":"Living Wall","floor":5,"gold_loss":0,"cards_upgraded":["Zap"]}],"is_beta":true,"boss_relics":[],"items_purged_floors":[12],"is_endless":false,"potions_floor_spawned":[10],"killed_by":"The Guardian","ascension_level":20}