{"gold_per_floor":[116,130,130,140,140,140,152,12,39,39,66,82,102,136,136,211,211,222,222,222,272,287,322,322,2,2,2,2],"floor_reached":28,"playtime":9492,"items_purged":["Strike_B"],"score":542,"play_id":"1a1ed6d7-4a29-4d82-8250-8c823c7d57a3","local_time":"20210522201936","is_ascension_mode":true,"campfire_choices":[{"data":"Sunder","floor":6,"key":"SMITH"},{"floor":10,"key":"REST"},{"data":"Defragment","floor":15,"key":"SMITH"},{"data":"Seek","floor":24,"key":"SMITH"}],"neow_cost":"NONE","seed_source_timestamp":142668122641100,"circlet_count":0,"master_deck":["AscendersBane","Strike_B","Strike_B","Defend_B","Defend_B","Defend_B","Defend_B","Zap","Dualcast","Sunder+1","Static Discharge","Undo","Coolheaded","Creative AI","Ball Lightning","Self Repair","Defragment+1","Echo Form","Seek+1","Barrage+1","Genetic Algorithm","Ghostly","Ghostly","Ghostly","White Noise+1","Force Field","Cold Snap","Seek"],"relics":["Black Star","Omamori","DataDisk","Meat on the Bone","Anchor","Regal Pillow","Cursed Key","Mango","MealTicket","Orrery","Potion Belt"],"potions_floor_usage":[11,14,22,28],"damage_taken":[{"damage":7,"enemies":"Cultist","floor":1,"turns":4},{"damage":4,"enemies":"Jaw Worm","floor":2,"turns":4},{"damage":2,"enemies":"Small Slimes","floor":4,"turns":4},{"damage":19,"enemies":"3 Louse","floor":7,"turns":3},{"damage":24,"enemies":"3 Sentries","floor":11,"turns":7},{"damage":7,"enemies":"Large Slime","floor":12,"turns":6},{"damage":13,"enemies":"Blue Slaver","floor":13,"turns":3},{"damage":0,"enemies":"Gremlin Nob","floor":14,"turns":3},{"damage":10,"enemies":"The Guardian","floor":16,"turns":12},{"damage":11,"enemies":"Shell Parasite","floor":18,"turns":5},{"damage":0,"enemies":"Chosen","floor":22,"turns":7},{"damage":18,"enemies":"Slavers","floor":23,"turns":7},{"damage":49,"enemies":"Gremlin Leader","floor":28,"turns":6}],"seed_played":"1029503959534587531","potions_obtained":[{"floor":2,"key":"SkillPotion"},{"floor":7,"key":"DuplicationPotion"},{"floor":12,"key":"LiquidBronze"},{"floor":16,"key":"Swift Potion"},{"floor":18,"key":"PowerPotion"}],"is_trial":false,"path_per_floor":["M","M","?","M","?","R","M","$","T","R","E","M","M","E","R","B",null,"M","?","?","?","M","E","R","$","T","?","E"],"character_chosen":"DEFECT","items_purchased":["Ball Lightning","Self Repair","Orrery","DistilledChaos"],"campfire_rested":1,"item_purchase_floors":[8,8,25,25],"current_hp_per_floor":[57,53,53,51,51,51,32,32,32,53,36,48,54,54,54,58,68,64,64,35,35,35,49,49,49,49,37,0],"gold":2,"neow_bonus":"BOSS_RELIC","is_prod":false,"is_daily":false,"chose_seed":false,"campfire_upgraded":3,"win_rate":0,"timestamp":1621739976,"path_taken":["M","M","?","?","?","R","M","$","T","R","E","M","M","E","R","BOSS","M","?","?","?","M","E","R","$","T","?","E"],"build_version":"2020-12-18","purchased_purges":1,"victory":false,"max_hp_per_floor":[71,71,71,71,71,71,71,71,71,71,71,71,71,71,71,71,71,71,71,35,35,35,49,49,49,49,54,54],"relic_stats":{"Regal Pillow":0,"counters":[13,71],"MealTicket":0,"Black Star":3,"Cursed Key":1,"obtain_stats":[{"Potion Belt":26,"DataDisk":11,"Anchor":14,"Regal Pillow":14,"Orrery":25,"Mango":23,"MealTicket":23,"Black Star":0,"Omamori":9,"Cracked Core":0,"Cursed Key":17,"Meat on the Bone":11},{"Potion Belt":12,"DataDisk":5,"Anchor":8,"Regal Pillow":8,"Orrery":12,"Mango":12,"MealTicket":12,"Black Star":0,"Omamori":4,"Cracked Core":0,"Cursed Key":9,"Meat on the Bone":5},{"Potion Belt":65,"DataDisk":22,"Anchor":34,"Regal Pillow":34,"Orrery":65,"Mango":65,"MealTicket":65,"Black Star":0,"Omamori":15,"Cracked Core":0,"Cursed Key":46,"Meat on the Bone":22}],"Meat on the Bone":36},"card_choices":[{"not_picked":["Rebound","Coolheaded"],"picked":"Sunder","floor":1},{"not_picked":["Streamline","Lockon"],"picked":"Static Discharge","floor":2},{"not_picked":["Rebound","Steam"],"picked":"Coolheaded","floor":4},{"not_picked":["Hologram","Go for the Eyes"],"picked":"Creative AI","floor":7},{"not_picked":["Undo","Gash","Scrape"],"picked":"SKIP","floor":11},{"not_picked":["Turbo","Go for the Eyes","Reprogram"],"picked":"SKIP","floor":12},{"not_picked":["Recycle","Static Discharge"],"picked":"Defragment","floor":13},{"not_picked":["Fission","Barrage"],"picked":"Echo Form","floor":14},{"not_picked":["Buffer","Meteor Strike"],"picked":"Seek","floor":16},{"not_picked":["Coolheaded","Doom and Gloom"],"picked":"Barrage+1","floor":18},{"not_picked":["Conserve Battery","Hologram"],"picked":"White Noise+1","floor":22},{"not_picked":["Barrage","Redo","Stack"],"picked":"SKIP","floor":23},{"not_picked":["Machine Learning","Compile Driver"],"picked":"Force Field","floor":25},{"not_picked":["Gash","Rebound"],"picked":"Cold Snap","floor":25},{"not_picked":["Capacitor","Hologram+1"],"picked":"Seek","floor":25}],"player_experience":3759104,"relics_obtained":[{"floor":9,"key":"Omamori"},{"floor":11,"key":"DataDisk"},{"floor":11,"key":"Meat on the Bone"},{"floor":14,"key":"Anchor"},{"floor":14,"key":"Regal Pillow"},{"floor":23,"key":"Mango"},{"floor":23,"key":"MealTicket"},{"floor":26,"key":"Potion Belt"}],"event_choices":[{"damage_healed":0,"gold_gain":0,"cards_transformed":["Strike_B"],"player_choice":"Transformed","damage_taken":0,"max_hp_gain":0,"max_hp_loss":0,"event_name":"Transmorgrifier","floor":3,"gold_loss":0,"cards_obtained":["Undo"]},{"damage_healed":0,"gold_gain":0,"player_choice":"Ignored","damage_taken":0,"max_hp_gain":0,"max_hp_loss":0,"event_name":"Liars Game","floor":5,"gold_loss":0},{"damage_healed":0,"gold_gain":0,"player_choice":"Read","damage_taken":0,"max_hp_gain":0,"max_hp_loss":0,"event_name":"The Library","floor":19,"gold_loss":0,"cards_obtained":["Genetic Algorithm"]},{"damage_healed":0,"gold_gain":0,"player_choice":"Became a Ghost","damage_taken":0,"max_hp_gain":0,"max_hp_loss":36,"event_name":"Ghosts","floor":20,"gold_loss":0,"cards_obtained":["Ghostly","Ghostly","Ghostly"]},{"damage_healed":0,"gold_gain":50,"player_choice":"Stole From Cult","damage_taken":0,"max_hp_gain":0,"max_hp_loss":0,"event_name":"Nest","floor":21,"gold_loss":0},{"damage_healed":0,"gold_gain":0,"player_choice":"Shed Blood","damage_taken":17,"max_hp_gain":5,"max_hp_loss":0,"event_name":"Forgotten Altar","floor":27,"gold_loss":0}],"is_beta":true,"boss_relics":[{"not_picked":["SlaversCollar","Calling Bell"],"picked":"Cursed Key"}],"items_purged_floors":[25],"is_endless":false,"potions_floor_spawned":[2,7,12,13,16,18],"killed_by":"Gremlin Leader","ascension_level":20}