{"gold_per_floor":[110,110,130,144,158,158,190,205,259,259,291,83,117,133,133,209,209,220,6,26,26,39,66,66,93,117,152,175,13,13,41,41,114,114,133,355,1354,628,643,671,671],"floor_reached":41,"playtime":2577,"items_purged":["Strike_B","Normality"],"score":1169,"play_id":"40a14aeb-e136-4f2d-81a0-1b3cdaf52043","local_time":"20210520150047","is_ascension_mode":true,"campfire_choices":[{"data":"Barrage","floor":6.0,"key":"SMITH"},{"floor":10.0,"key":"REST"},{"data":"Defragment","floor":15.0,"key":"SMITH"},{"data":"Blizzard","floor":24.0,"key":"SMITH"},{"floor":30.0,"key":"REST"},{"floor":32.0,"key":"REST"}],"neow_cost":"TEN_PERCENT_HP_LOSS","seed_source_timestamp":0,"circlet_count":0,"master_deck":["AscendersBane","Strike_B","Defend_B","Defend_B","Defend_B","Defend_B","Zap","Dualcast","Buffer","Glacier","Barrage+1","Cold Snap","Compile Driver","Gash","Machine Learning","Reboot","Blizzard+1","Defragment+1","Ball Lightning","Reboot","Cold Snap+1","Hologram","Glacier","Blizzard","FTL+1","Beam Cell","All For One","Reboot","Electrodynamics","Normality","Reinforced Body+1"],"special_seed":0,"relics":["FrozenCore","GremlinMask","Pantograph","Art of War","Bottled Lightning","Juzu Bracelet","SlaversCollar","TheAbacus","Bronze Scales","Red Mask","Orichalcum","CaptainsWheel","Potion Belt","Orrery","Happy Flower","Ice Cream","Toolbox","Blood Vial"],"potions_floor_usage":[40,41],"damage_taken":[{"damage":0.0,"enemies":"Jaw Worm","floor":1.0,"turns":5.0},{"damage":2.0,"enemies":"Cultist","floor":3.0,"turns":5.0},{"damage":0.0,"enemies":"Small Slimes","floor":4.0,"turns":3.0},{"damage":0.0,"enemies":"Blue Slaver","floor":5.0,"turns":4.0},{"damage":28.0,"enemies":"3 Sentries","floor":7.0,"turns":11.0},{"damage":0.0,"enemies":"Large Slime","floor":8.0,"turns":5.0},{"damage":0.0,"enemies":"Gremlin Nob","floor":11.0,"turns":3.0},{"damage":6.0,"enemies":"3 Sentries","floor":13.0,"turns":3.0},{"damage":0.0,"enemies":"2 Fungi Beasts","floor":14.0,"turns":3.0},{"damage":47.0,"enemies":"Hexaghost","floor":16.0,"turns":10.0},{"damage":15.0,"enemies":"3 Byrds","floor":18.0,"turns":5.0},{"damage":8.0,"enemies":"Shell Parasite","floor":20.0,"turns":6.0},{"damage":5.0,"enemies":"Snecko","floor":22.0,"turns":8.0},{"damage":9.0,"enemies":"Book of Stabbing","floor":23.0,"turns":7.0},{"damage":24.0,"enemies":"Masked Bandits","floor":25.0,"turns":5.0},{"damage":0.0,"enemies":"Gremlin Leader","floor":27.0,"turns":7.0},{"damage":23.0,"enemies":"Book of Stabbing","floor":31.0,"turns":5.0},{"damage":29.0,"enemies":"Champ","floor":33.0,"turns":28.0},{"damage":0,"enemies":"3 Darklings","floor":35,"turns":5},{"damage":6,"enemies":"Orb Walker","floor":39,"turns":3},{"damage":40,"enemies":"Reptomancer","floor":40,"turns":6},{"damage":20,"enemies":"Transient","floor":41,"turns":2}],"seed_played":"-4477761151673887930","potions_obtained":[{"floor":1.0,"key":"LiquidMemories"},{"floor":8.0,"key":"Fire Potion"},{"floor":11.0,"key":"AttackPotion"},{"floor":18.0,"key":"Regen Potion"},{"floor":23.0,"key":"ColorlessPotion"},{"floor":40,"key":"LiquidBronze"}],"is_trial":false,"path_per_floor":["M","?","M","M","M","R","E","M","T","R","E","$","E","M","R","B",null,"M","$","M","$","M","E","R","?","T","E","T","$","R","E","R","B",null,"M","?","?","$","M","E","M"],"character_chosen":"DEFECT","items_purchased":["Blizzard","PowerPotion","TheAbacus","FocusPotion","Orrery","Ice Cream","Toolbox","PowerPotion","PotionOfCapacity"],"campfire_rested":3,"item_purchase_floors":[12,12,19,19,29,38,38,38,38],"current_hp_per_floor":[64,64,62,62,62,62,34,34,34,53,53,53,47,47,47,17,52,37,37,29,29,24,30,30,6,6,6,6,6,25,2,21,17,52,52,52,52,52,46,6,0],"gold":671,"neow_bonus":"TRANSFORM_TWO_CARDS","is_prod":false,"is_daily":false,"chose_seed":false,"campfire_upgraded":3,"win_rate":0,"timestamp":1621548047,"path_taken":["M","?","?","M","M","R","E","?","T","R","E","$","E","M","R","BOSS","M","?","M","$","M","E","R","?","T","E","?","$","R","E","R","BOSS","M","?","?","$","M","E","M"],"build_version":"2020-12-18","purchased_purges":2,"victory":false,"max_hp_per_floor":[64,64,64,64,64,64,64,64,64,64,64,64,64,64,64,64,64,64,64,64,64,64,64,64,64,64,64,64,64,64,64,64,64,64,64,64,64,64,64,64,64],"relic_stats":{"Blood Vial":2,"TheAbacus":[222],"Happy Flower":[14],"counters":[22,139],"Pantograph":42,"Bronze Scales":[182],"Art of War":[12],"Juzu Bracelet":0,"Orichalcum":[0],"obtain_stats":[{"Potion Belt":28,"Ice Cream":38,"Happy Flower":31,"GremlinMask":2,"Juzu Bracelet":13,"Orichalcum":26,"FrozenCore":34,"Blood Vial":40,"SlaversCollar":17,"CaptainsWheel":27,"TheAbacus":19,"Pantograph":7,"Bronze Scales":23,"Orrery":29,"Toolbox":38,"Art of War":9,"Red Mask":25,"Bottled Lightning":11,"Cracked Core":0},{"Potion Belt":16,"Ice Cream":19,"Happy Flower":17,"GremlinMask":1,"Juzu Bracelet":8,"Orichalcum":15,"FrozenCore":18,"Blood Vial":21,"SlaversCollar":10,"CaptainsWheel":16,"TheAbacus":11,"Pantograph":5,"Bronze Scales":14,"Orrery":16,"Toolbox":19,"Art of War":6,"Red Mask":15,"Bottled Lightning":7,"Cracked Core":0},{"Potion Belt":90,"Ice Cream":128,"Happy Flower":95,"GremlinMask":5,"Juzu Bracelet":39,"Orichalcum":83,"FrozenCore":123,"Blood Vial":137,"SlaversCollar":52,"CaptainsWheel":90,"TheAbacus":57,"Pantograph":28,"Bronze Scales":78,"Orrery":90,"Toolbox":128,"Art of War":33,"Red Mask":83,"Bottled Lightning":36,"Cracked Core":0}],"FrozenCore":[6]},"card_choices":[{"not_picked":["Scrape","Steam"],"picked":"Barrage","floor":1.0},{"not_picked":["Storm","White Noise"],"picked":"Cold Snap","floor":3.0},{"not_picked":["Stack","Chaos","Coolheaded"],"picked":"SKIP","floor":4.0},{"not_picked":["Aggregate","Conserve Battery"],"picked":"Compile Driver","floor":5.0},{"not_picked":["Hello World","Go for the Eyes"],"picked":"Gash","floor":7.0},{"not_picked":["Fusion","Force Field"],"picked":"Machine Learning","floor":8.0},{"not_picked":["Capacitor","Streamline"],"picked":"Reboot","floor":11.0},{"not_picked":["Turbo","Barrage"],"picked":"Defragment","floor":13.0},{"not_picked":["Redo","Barrage"],"picked":"Ball Lightning","floor":14.0},{"not_picked":["Meteor Strike","Rainbow"],"picked":"Reboot","floor":16.0},{"not_picked":["Ball Lightning","Stack"],"picked":"Cold Snap+1","floor":18.0},{"not_picked":["Force Field","Barrage","Loop"],"picked":"SKIP","floor":20.0},{"not_picked":["Redo","Recycle","Steam"],"picked":"SKIP","floor":22.0},{"not_picked":["Redo","Heatsinks"],"picked":"Hologram","floor":23.0},{"not_picked":["BootSequence","Auto Shields"],"picked":"Glacier","floor":25.0},{"not_picked":["Streamline","Skim"],"picked":"Blizzard","floor":27.0},{"not_picked":["Double Energy","Rebound"],"picked":"FTL+1","floor":29.0},{"not_picked":["Go for the Eyes","Rip and Tear"],"picked":"Beam Cell","floor":29.0},{"not_picked":["Melter","Stack"],"picked":"All For One","floor":29.0},{"not_picked":["Recycle","Compile Driver"],"picked":"Reboot","floor":31.0},{"not_picked":["Machine Learning","Fission"],"picked":"Electrodynamics","floor":33.0},{"not_picked":["Static Discharge","Ball Lightning","Gash"],"picked":"SKIP","floor":35},{"not_picked":["Redo+1","Streamline+1","Leap"],"picked":"SKIP","floor":39},{"not_picked":["Go for the Eyes","Stack"],"picked":"Reinforced Body+1","floor":40}],"player_experience":3731028,"relics_obtained":[{"floor":7.0,"key":"Pantograph"},{"floor":9.0,"key":"Art of War"},{"floor":11.0,"key":"Bottled Lightning"},{"floor":13.0,"key":"Juzu Bracelet"},{"floor":23.0,"key":"Bronze Scales"},{"floor":25.0,"key":"Red Mask"},{"floor":26.0,"key":"Orichalcum"},{"floor":27.0,"key":"CaptainsWheel"},{"floor":28.0,"key":"Potion Belt"},{"floor":31.0,"key":"Happy Flower"},{"floor":40,"key":"Blood Vial"}],"event_choices":[{"damage_healed":0.0,"max_hp_gain":0.0,"max_hp_loss":0.0,"gold_gain":0.0,"event_name":"FaceTrader","player_choice":"Trade","floor":2.0,"gold_loss":0.0,"damage_taken":0.0,"relics_obtained":["GremlinMask"]},{"damage_healed":0.0,"max_hp_gain":0.0,"max_hp_loss":0.0,"gold_gain":0.0,"event_name":"Masked Bandits","player_choice":"Fought Bandits","floor":25.0,"gold_loss":0.0,"damage_taken":0.0},{"damage_healed":0,"gold_gain":222,"player_choice":"Wore Mask","damage_taken":0,"max_hp_gain":0,"max_hp_loss":0,"event_name":"Tomb of Lord Red Mask","floor":36,"gold_loss":0},{"damage_healed":0,"gold_gain":999,"player_choice":"Gold","damage_taken":0,"max_hp_gain":0,"max_hp_loss":0,"event_name":"MindBloom","floor":37,"gold_loss":0,"cards_obtained":["Normality","Normality"]}],"is_beta":true,"boss_relics":[{"not_picked":["Tiny House","Cursed Key"],"picked":"SlaversCollar"},{"not_picked":["Nuclear Battery","Black Star"],"picked":"FrozenCore"}],"items_purged_floors":[12,38],"is_endless":false,"potions_floor_spawned":[1,8,11,18,22,23,40],"killed_by":"Transient","ascension_level":20}