{"gold_per_floor":[119,119,119,143,218,15,15,39,39,73,73,94,127,146,146,240,240,255,255,255,118,118,152,152,186,186,205,226,226,13,51,51,150,150,166,166,187,208,228,268,287,287,287,326,326,366,36,67,67,67,67,67,67,11,58,58],"floor_reached":57,"playtime":5542,"items_purged":["Strike_B+1","Strike_B+1","Normality"],"score":3597,"play_id":"9c5b6efa-d96f-493a-9596-8f4f02b4403e","local_time":"20210524215538","is_ascension_mode":true,"campfire_choices":[{"floor":7.0,"key":"REST"},{"floor":11.0,"key":"REST"},{"data":"Defragment","floor":15.0,"key":"SMITH"},{"floor":24,"key":"REST"},{"data":"Consume","floor":29,"key":"SMITH"},{"data":"Loop","floor":32,"key":"SMITH"},{"floor":42,"key":"RECALL"},{"data":"Biased Cognition","floor":45,"key":"SMITH"},{"data":"Seek","floor":49,"key":"SMITH"},{"data":"Amplify","floor":53,"key":"SMITH"}],"neow_cost":"NONE","seed_source_timestamp":325122124485600,"circlet_count":0,"master_deck":["AscendersBane","Strike_B+1","Strike_B+1","Defend_B+1","Defend_B+1","Defend_B+1","Defend_B+1","Zap","Dualcast","Compile Driver","Ball Lightning","Seek+1","Ball Lightning","Glacier","Defragment+1","Steam+1","Seek","Biased Cognition+1","Consume+1","Loop+1","Double Energy","Glacier","Hologram","Glacier+1","Compile Driver","Amplify+1","Loop","Turbo+1","Double Energy+1","Coolheaded","Seek+1","Hologram","Skim","Defragment+1","Go for the Eyes+1"],"special_seed":0,"relics":["Inserter","Golden Idol","DataDisk","Membership Card","Omamori","Art of War","Dead Branch","Cursed Key","CaptainsWheel","Anchor","InkBottle","Bag of Preparation","War Paint","Gremlin Horn","Philosopher\u0027s Stone","Thread and Needle","The Courier","Centennial Puzzle","Molten Egg 2","Chemical X","Pantograph","Potion Belt","CeramicFish","DollysMirror","Letter Opener"],"potions_floor_usage":[18,23,23,40,56,56],"damage_taken":[{"damage":5.0,"enemies":"2 Louse","floor":1.0,"turns":4.0},{"damage":4.0,"enemies":"Jaw Worm","floor":4.0,"turns":4.0},{"damage":3.0,"enemies":"Small Slimes","floor":8.0,"turns":2.0},{"damage":35.0,"enemies":"3 Sentries","floor":10.0,"turns":6.0},{"damage":0.0,"enemies":"Exordium Wildlife","floor":12.0,"turns":3.0},{"damage":16.0,"enemies":"Gremlin Nob","floor":13.0,"turns":4.0},{"damage":1.0,"enemies":"Blue Slaver","floor":14.0,"turns":3.0},{"damage":0.0,"enemies":"Hexaghost","floor":16.0,"turns":9.0},{"damage":18,"enemies":"2 Thieves","floor":18,"turns":4},{"damage":15,"enemies":"Gremlin Leader","floor":23,"turns":5},{"damage":0,"enemies":"Slavers","floor":25,"turns":7},{"damage":0,"enemies":"Shell Parasite","floor":27,"turns":4},{"damage":0,"enemies":"Snake Plant","floor":28,"turns":3},{"damage":0,"enemies":"Book of Stabbing","floor":31,"turns":5},{"damage":0,"enemies":"Collector","floor":33,"turns":8},{"damage":0,"enemies":"Orb Walker","floor":35,"turns":3},{"damage":0,"enemies":"3 Shapes","floor":37,"turns":5},{"damage":0,"enemies":"Spire Growth","floor":38,"turns":4},{"damage":0,"enemies":"Writhing Mass","floor":39,"turns":5},{"damage":0,"enemies":"Reptomancer","floor":40,"turns":8},{"damage":0,"enemies":"4 Shapes","floor":41,"turns":3},{"damage":10,"enemies":"Giant Head","floor":44,"turns":7},{"damage":6,"enemies":"Reptomancer","floor":46,"turns":6},{"damage":0,"enemies":"Nemesis","floor":48,"turns":5},{"damage":0,"enemies":"Time Eater","floor":50,"turns":12},{"damage":12,"enemies":"Donu and Deca","floor":51,"turns":9},{"damage":0,"enemies":"Shield and Spear","floor":55,"turns":7},{"damage":12,"enemies":"The Heart","floor":56,"turns":10}],"seed_played":"3564293933475814246","potions_obtained":[{"floor":1.0,"key":"Weak Potion"},{"floor":8.0,"key":"GamblersBrew"},{"floor":13.0,"key":"Block Potion"},{"floor":14.0,"key":"SteroidPotion"},{"floor":23,"key":"Dexterity Potion"},{"floor":27,"key":"Ancient Potion"},{"floor":36,"key":"SkillPotion"},{"floor":41,"key":"DuplicationPotion"},{"floor":55,"key":"Explosive Potion"}],"is_trial":false,"path_per_floor":["M","?","?","M","?","$","R","M","T","E","R","M","E","M","R","B",null,"M","?","?","$","T","E","R","E","T","M","M","R","$","E","R","B",null,"M","?","M","M","M","E","M","R","T","E","R","E","$","E","R","B","B",null,"R","$","E","B",null],"character_chosen":"DEFECT","items_purchased":["Membership Card","Seek","PowerPotion","Fire Potion","Loop","Bag of Preparation","War Paint","Skim","Chemical X","Pantograph","Potion Belt","DollysMirror"],"campfire_rested":3,"item_purchase_floors":[6,6,21,21,21,30,30,47,47,47,47,54],"current_hp_per_floor":[59,59,41,37,26,26,45,42,42,7,26,26,10,9,9,9,50,32,32,32,32,32,17,36,36,36,36,36,36,36,36,36,36,57,57,57,57,57,57,57,57,57,57,47,47,41,41,41,41,64,52,61,61,61,61,52],"gold":58,"neow_bonus":"BOSS_RELIC","is_prod":false,"is_daily":false,"chose_seed":false,"campfire_upgraded":6,"win_rate":0,"timestamp":1621918538,"path_taken":["M","?","?","M","?","$","R","?","T","E","R","M","E","M","R","BOSS","M","?","?","$","?","E","R","E","T","M","M","R","$","E","R","BOSS","M","?","M","?","?","E","M","R","T","E","R","E","$","E","R","BOSS","BOSS","R","$","E","BOSS"],"build_version":"2020-12-18","purchased_purges":3,"victory":true,"max_hp_per_floor":[71,64,64,64,64,64,64,64,64,64,64,64,64,64,64,64,64,64,64,64,64,64,64,64,64,64,64,64,64,64,64,64,64,64,64,64,64,64,64,64,64,64,64,64,64,64,64,64,64,64,64,64,64,64,64,64],"relic_stats":{"Inserter":[77],"Gremlin Horn":[30,31],"counters":[28,152],"Golden Idol":219,"Dead Branch":[145],"CeramicFish":18,"Bag of Preparation":[30],"Letter Opener":[35],"War Paint":["Seek","Steam"],"Cursed Key":3,"Centennial Puzzle":[9],"Pantograph":26,"Art of War":[28],"Chemical X":[6],"obtain_stats":[{"Gremlin Horn":31,"CeramicFish":48,"Bag of Preparation":30,"Cursed Key":17,"Centennial Puzzle":44,"DollysMirror":54,"Pantograph":47,"Philosopher\u0027s Stone":34,"Chemical X":47,"Cracked Core":0,"InkBottle":25,"Potion Belt":47,"Inserter":0,"Golden Idol":2,"Dead Branch":13,"Thread and Needle":40,"The Courier":43,"Omamori":9,"Letter Opener":55,"War Paint":30,"DataDisk":3,"CaptainsWheel":22,"Anchor":23,"Molten Egg 2":46,"Art of War":10,"Membership Card":6},{"Gremlin Horn":14,"CeramicFish":24,"Bag of Preparation":13,"Cursed Key":8,"Centennial Puzzle":22,"DollysMirror":26,"Pantograph":23,"Philosopher\u0027s Stone":15,"Chemical X":23,"Cracked Core":0,"InkBottle":11,"Potion Belt":23,"Inserter":0,"Golden Idol":1,"Dead Branch":6,"Thread and Needle":20,"The Courier":21,"Omamori":3,"Letter Opener":27,"War Paint":13,"DataDisk":1,"CaptainsWheel":9,"Anchor":10,"Molten Egg 2":23,"Art of War":4,"Membership Card":2},{"Gremlin Horn":63,"CeramicFish":114,"Bag of Preparation":58,"Cursed Key":35,"Centennial Puzzle":103,"DollysMirror":135,"Pantograph":109,"Philosopher\u0027s Stone":71,"Chemical X":109,"Cracked Core":0,"InkBottle":51,"Potion Belt":109,"Inserter":0,"Golden Idol":4,"Dead Branch":23,"Thread and Needle":95,"The Courier":97,"Omamori":10,"Letter Opener":142,"War Paint":58,"DataDisk":4,"CaptainsWheel":39,"Anchor":44,"Molten Egg 2":109,"Art of War":16,"Membership Card":8}],"InkBottle":[60]},"card_choices":[{"not_picked":["Aggregate","Stack"],"picked":"Compile Driver","floor":1.0},{"not_picked":["Hologram","Compile Driver"],"picked":"Ball Lightning","floor":4.0},{"not_picked":["Chaos","Compile Driver"],"picked":"Ball Lightning","floor":8.0},{"not_picked":["Barrage","Doom and Gloom"],"picked":"Glacier","floor":10.0},{"not_picked":["Coolheaded","Genetic Algorithm"],"picked":"Defragment","floor":12.0},{"not_picked":["Leap","Redo"],"picked":"Steam","floor":13.0},{"not_picked":["Heatsinks","Ball Lightning"],"picked":"Seek","floor":14.0},{"not_picked":["All For One","Hyperbeam"],"picked":"Biased Cognition","floor":16.0},{"not_picked":["Leap","Redo","Reprogram"],"picked":"SKIP","floor":18},{"not_picked":["Static Discharge","Darkness"],"picked":"Double Energy","floor":23},{"not_picked":["Hologram","Multi-Cast"],"picked":"Glacier","floor":25},{"not_picked":["Hologram","Steam Power","Streamline"],"picked":"SKIP","floor":27},{"not_picked":["Steam Power","Streamline"],"picked":"Hologram","floor":27},{"not_picked":["Leap","Conserve Battery"],"picked":"Glacier+1","floor":28},{"not_picked":["Go for the Eyes","Heatsinks+1"],"picked":"Compile Driver","floor":31},{"not_picked":["Thunder Strike","All For One"],"picked":"Amplify","floor":33},{"not_picked":["Compile Driver","Self Repair","Barrage+1"],"picked":"SKIP","floor":35},{"not_picked":["Turbo","Scrape+1"],"picked":"Loop","floor":37},{"not_picked":["Compile Driver+1","Skim"],"picked":"Turbo+1","floor":38},{"not_picked":["White Noise","Rebound"],"picked":"Double Energy+1","floor":39},{"not_picked":["Gash","Steam"],"picked":"Coolheaded","floor":40},{"not_picked":["Sweeping Beam","Stack"],"picked":"Seek","floor":41},{"not_picked":["Gash","Steam Power","Ball Lightning+1"],"picked":"SKIP","floor":44},{"not_picked":["Conserve Battery","Sweeping Beam+1"],"picked":"Hologram","floor":46},{"not_picked":["Melter+1","Conserve Battery+1","Hologram"],"picked":"SKIP","floor":48},{"not_picked":["Reboot","Chaos"],"picked":"Go for the Eyes+1","floor":55}],"player_experience":3786774,"relics_obtained":[{"floor":9.0,"key":"Omamori"},{"floor":10.0,"key":"Art of War"},{"floor":13.0,"key":"Dead Branch"},{"floor":22,"key":"CaptainsWheel"},{"floor":23,"key":"Anchor"},{"floor":25,"key":"InkBottle"},{"floor":31,"key":"Gremlin Horn"},{"floor":40,"key":"Thread and Needle"},{"floor":43,"key":"The Courier"},{"floor":44,"key":"Centennial Puzzle"},{"floor":46,"key":"Molten Egg 2"},{"floor":48,"key":"CeramicFish"},{"floor":55,"key":"Letter Opener"}],"event_choices":[{"damage_healed":0.0,"max_hp_gain":0.0,"max_hp_loss":7.0,"gold_gain":0.0,"event_name":"Golden Idol","player_choice":"Lose Max HP","floor":2.0,"gold_loss":0.0,"damage_taken":0.0,"relics_obtained":["Golden Idol"]},{"damage_healed":0.0,"max_hp_gain":0.0,"max_hp_loss":0.0,"gold_gain":0.0,"event_name":"Scrap Ooze","player_choice":"Success","floor":3.0,"gold_loss":0.0,"damage_taken":18.0,"relics_obtained":["DataDisk"]},{"damage_healed":0.0,"max_hp_gain":0.0,"max_hp_loss":0.0,"gold_gain":75.0,"event_name":"World of Goop","player_choice":"Gather Gold","floor":5.0,"gold_loss":0.0,"damage_taken":11.0},{"damage_healed":0,"gold_gain":0,"player_choice":"Read","damage_taken":0,"max_hp_gain":0,"max_hp_loss":0,"event_name":"The Library","floor":19,"gold_loss":0,"cards_obtained":["Consume"]},{"damage_healed":0,"gold_gain":0,"player_choice":"Simplicity","damage_taken":0,"max_hp_gain":0,"max_hp_loss":0,"event_name":"Back to Basics","floor":20,"gold_loss":0,"cards_upgraded":["Strike_B","Strike_B","Strike_B","Strike_B","Defend_B","Defend_B","Defend_B","Defend_B"]},{"damage_healed":0,"gold_gain":0,"player_choice":"Got Potions","damage_taken":0,"max_hp_gain":0,"max_hp_loss":0,"event_name":"Lab","floor":36,"gold_loss":0}],"is_beta":true,"boss_relics":[{"not_picked":["Snecko Eye","Astrolabe"],"picked":"Cursed Key"},{"not_picked":["Runic Pyramid","Black Star"],"picked":"Philosopher\u0027s Stone"}],"items_purged_floors":[21,30,47],"is_endless":false,"potions_floor_spawned":[1,8,13,14,23,27,28,33,35,41,44,55],"ascension_level":20}