{"gold_per_floor":[119,139,151,169,169,169,197,197,243,243],"floor_reached":10,"playtime":396,"items_purged":[],"score":136,"play_id":"ef4ea0d2-da02-4c8e-92b2-f9f9912676fe","local_time":"20210520150903","is_ascension_mode":true,"campfire_choices":[{"data":"Reprogram","floor":6.0,"key":"SMITH"}],"neow_cost":"TEN_PERCENT_HP_LOSS","seed_source_timestamp":1835440133909700,"circlet_count":0,"master_deck":["AscendersBane","Strike_B","Strike_B","Defend_B","Defend_B","Defend_B","Defend_B","Zap","Dualcast","Rebound","Reprogram+1","Barrage","Beam Cell","Rebound","Stack","Barrage"],"special_seed":0,"relics":["Cracked Core","Letter Opener","Orichalcum"],"potions_floor_usage":[7,10],"damage_taken":[{"damage":0.0,"enemies":"Cultist","floor":1.0,"turns":3.0},{"damage":7.0,"enemies":"Small Slimes","floor":2.0,"turns":3.0},{"damage":2.0,"enemies":"Jaw Worm","floor":3.0,"turns":3.0},{"damage":17.0,"enemies":"Large Slime","floor":4.0,"turns":6.0},{"damage":32,"enemies":"Lagavulin","floor":7,"turns":8},{"damage":6,"enemies":"3 Sentries","floor":10,"turns":3}],"seed_played":"1856354843592485780","potions_obtained":[{"floor":1.0,"key":"SkillPotion"},{"floor":7,"key":"PowerPotion"}],"is_trial":false,"path_per_floor":["M","M","M","M","?","R","E","?","T","E"],"character_chosen":"DEFECT","items_purchased":[],"campfire_rested":0,"item_purchase_floors":[],"current_hp_per_floor":[64,57,55,38,38,38,6,6,6,0],"gold":243,"neow_bonus":"TRANSFORM_TWO_CARDS","is_prod":false,"is_daily":false,"chose_seed":false,"campfire_upgraded":1,"win_rate":0,"timestamp":1621548543,"path_taken":["M","M","?","M","?","R","E","?","T","E"],"build_version":"2020-12-18","purchased_purges":0,"victory":false,"max_hp_per_floor":[64,64,64,64,64,64,64,64,64,64],"relic_stats":{"counters":[6,26],"Letter Opener":[0],"Orichalcum":[6],"obtain_stats":[{"Letter Opener":7,"Orichalcum":9,"Cracked Core":0},{"Letter Opener":5,"Orichalcum":5,"Cracked Core":0},{"Letter Opener":23,"Orichalcum":23,"Cracked Core":0}]},"card_choices":[{"not_picked":["Coolheaded","Stack"],"picked":"Barrage","floor":1.0},{"not_picked":["Recycle","Melter"],"picked":"Beam Cell","floor":2.0},{"not_picked":["Heatsinks","Coolheaded"],"picked":"Rebound","floor":3.0},{"not_picked":["Coolheaded","Force Field"],"picked":"Stack","floor":4.0},{"not_picked":["Force Field","Stack"],"picked":"Barrage","floor":7}],"player_experience":3733605,"relics_obtained":[{"floor":7,"key":"Letter Opener"},{"floor":9,"key":"Orichalcum"}],"event_choices":[{"damage_healed":0.0,"max_hp_gain":0.0,"max_hp_loss":0.0,"gold_gain":0.0,"event_name":"Liars Game","player_choice":"Ignored","floor":5.0,"gold_loss":0.0,"damage_taken":0.0},{"damage_healed":0,"gold_gain":0,"player_choice":"Searched \u00270\u0027 times","damage_taken":0,"max_hp_gain":0,"max_hp_loss":0,"event_name":"Dead Adventurer","floor":8,"gold_loss":0}],"is_beta":true,"boss_relics":[],"items_purged_floors":[],"is_endless":false,"potions_floor_spawned":[1,7],"killed_by":"3 Sentries","ascension_level":20}