{"gold_per_floor":[115,127,137,137,137,166,166,166,166,11,11,45,69,87,87,164,164,182,182,128,141,191,191,225,225,225,255,272,272,272],"floor_reached":30,"playtime":1463,"items_purged":["Strike_B"],"score":548,"play_id":"b7e5cf8e-f27f-404c-ba12-93a6c677a63f","local_time":"20210525133511","is_ascension_mode":true,"campfire_choices":[{"data":"Darkness","floor":8,"key":"SMITH"},{"floor":11,"key":"REST"},{"floor":15,"key":"REST"},{"floor":23,"key":"REST"},{"data":"Defragment","floor":25,"key":"SMITH"},{"data":"Creative AI","floor":29,"key":"SMITH"}],"neow_cost":"NONE","seed_source_timestamp":385645053265600,"circlet_count":0,"master_deck":["AscendersBane","Strike_B","Strike_B","Defend_B","Defend_B","Defend_B","Defend_B","Zap","Dualcast","Sweeping Beam+1","Darkness+1","Ball Lightning","Ball Lightning","Genetic Algorithm","Cold Snap","Defragment+1","Creative AI+1","Static Discharge","Rainbow","Static Discharge+1","Compile Driver"],"relics":["Cracked Core","Tiny Chest","Shuriken","Cables","Gremlin Horn","Anchor","SlaversCollar","Matryoshka","White Beast Statue","Unceasing Top","Vajra"],"potions_floor_usage":[6,16,24,24,27,30],"damage_taken":[{"damage":6,"enemies":"Cultist","floor":1,"turns":3},{"damage":4,"enemies":"Jaw Worm","floor":2,"turns":4},{"damage":2,"enemies":"2 Louse","floor":3,"turns":3},{"damage":31,"enemies":"Gremlin Nob","floor":6,"turns":4},{"damage":25,"enemies":"Lagavulin","floor":12,"turns":7},{"damage":5,"enemies":"Exordium Wildlife","floor":14,"turns":4},{"damage":25,"enemies":"Slime Boss","floor":16,"turns":4},{"damage":15,"enemies":"Spheric Guardian","floor":18,"turns":4},{"damage":13,"enemies":"3 Byrds","floor":21,"turns":5},{"damage":11,"enemies":"Slavers","floor":24,"turns":3},{"damage":17,"enemies":"Book of Stabbing","floor":27,"turns":4},{"damage":7,"enemies":"3 Cultists","floor":28,"turns":3},{"damage":50,"enemies":"Slavers","floor":30,"turns":5}],"seed_played":"-3376229156602192299","potions_obtained":[{"floor":3,"key":"Swift Potion"},{"floor":14,"key":"DistilledChaos"},{"floor":21,"key":"EssenceOfDarkness"},{"floor":24,"key":"Fire Potion"},{"floor":27,"key":"Swift Potion"},{"floor":28,"key":"FairyPotion"}],"is_trial":false,"path_per_floor":["M","M","M","?","?","E","T","R","T","$","R","E","T","M","R","B",null,"M","?","$","M","?","R","E","R","T","E","M","R","E"],"character_chosen":"DEFECT","items_purchased":["Genetic Algorithm","FocusPotion"],"campfire_rested":3,"item_purchase_floors":[10,20],"current_hp_per_floor":[58,54,52,52,52,21,21,21,21,21,42,17,17,12,33,8,55,40,40,40,27,27,48,37,37,37,20,13,13,0],"gold":272,"neow_bonus":"RANDOM_COMMON_RELIC","is_prod":false,"is_daily":false,"chose_seed":false,"campfire_upgraded":3,"win_rate":0,"timestamp":1621974911,"path_taken":["M","M","M","?","?","E","?","R","T","$","R","E","?","M","R","BOSS","M","?","$","?","?","R","E","R","T","E","M","R","E"],"build_version":"2020-12-18","purchased_purges":1,"victory":false,"max_hp_per_floor":[71,71,71,71,71,71,71,71,71,71,71,71,71,71,71,71,71,71,71,71,71,71,71,71,71,71,71,71,71,71],"relic_stats":{"Gremlin Horn":[9,9],"counters":[13,53],"Shuriken":[4],"Tiny Chest":1,"obtain_stats":[{"SlaversCollar":17,"Anchor":13,"Matryoshka":24,"Gremlin Horn":12,"Shuriken":6,"Vajra":27,"Tiny Chest":0,"Cracked Core":0,"White Beast Statue":26,"Unceasing Top":26,"Cables":9},{"SlaversCollar":7,"Anchor":5,"Matryoshka":10,"Gremlin Horn":5,"Shuriken":4,"Vajra":11,"Tiny Chest":0,"Cracked Core":0,"White Beast Statue":10,"Unceasing Top":10,"Cables":4},{"SlaversCollar":29,"Anchor":21,"Matryoshka":41,"Gremlin Horn":21,"Shuriken":14,"Vajra":45,"Tiny Chest":0,"Cracked Core":0,"White Beast Statue":41,"Unceasing Top":41,"Cables":14}],"Unceasing Top":[0],"Cables":[36,21,6,9,0]},"card_choices":[{"not_picked":["Streamline","FTL"],"picked":"Sweeping Beam","floor":1},{"not_picked":["Beam Cell","Auto Shields"],"picked":"Darkness","floor":2},{"not_picked":["Stack","BootSequence"],"picked":"Ball Lightning","floor":3},{"not_picked":["Steam","Redo"],"picked":"Ball Lightning","floor":6},{"not_picked":["Beam Cell","Turbo"],"picked":"Cold Snap","floor":12},{"not_picked":["Compile Driver","Chill"],"picked":"Defragment","floor":14},{"not_picked":["Thunder Strike","Amplify"],"picked":"Creative AI","floor":16},{"not_picked":["Streamline","Rebound"],"picked":"Static Discharge","floor":18},{"not_picked":["Stack","Chaos","Ball Lightning"],"picked":"SKIP","floor":21},{"not_picked":["Cold Snap","Gash+1"],"picked":"Rainbow","floor":24},{"not_picked":["Aggregate","Self Repair"],"picked":"Static Discharge+1","floor":27},{"not_picked":["Stack","Rebound"],"picked":"Compile Driver","floor":28}],"player_experience":3792316,"relics_obtained":[{"floor":6,"key":"Shuriken"},{"floor":9,"key":"Cables"},{"floor":12,"key":"Gremlin Horn"},{"floor":13,"key":"Anchor"},{"floor":24,"key":"Matryoshka"},{"floor":26,"key":"White Beast Statue"},{"floor":26,"key":"Unceasing Top"},{"floor":27,"key":"Vajra"}],"event_choices":[{"damage_healed":0,"gold_gain":0,"player_choice":"Grow","damage_taken":0,"max_hp_gain":0,"max_hp_loss":0,"event_name":"Living Wall","floor":4,"gold_loss":0,"cards_upgraded":["Sweeping Beam"]},{"damage_healed":0,"gold_gain":0,"player_choice":"Ignored","damage_taken":0,"max_hp_gain":0,"max_hp_loss":0,"event_name":"Liars Game","floor":5,"gold_loss":0},{"cards_removed":["Strike_B"],"damage_healed":0,"gold_gain":0,"player_choice":"Purged","damage_taken":0,"max_hp_gain":0,"max_hp_loss":0,"event_name":"Purifier","floor":19,"gold_loss":0},{"damage_healed":0,"gold_gain":50,"player_choice":"Stole From Cult","damage_taken":0,"max_hp_gain":0,"max_hp_loss":0,"event_name":"Nest","floor":22,"gold_loss":0}],"is_beta":true,"boss_relics":[{"not_picked":["Calling Bell","Empty Cage"],"picked":"SlaversCollar"}],"items_purged_floors":[10],"is_endless":false,"potions_floor_spawned":[3,14,21,24,27,28],"killed_by":"Slavers","ascension_level":20}