{"gold_per_floor":[112,124,124,199,215,243,243,273,273,273,65,98,118,133,133,205,205,220,92,92,92,112,144,156,189,212,212,212,232,232,263,263,338,338,357,357,174,174,184,184,199,231,257,283,314,327,337,370,370,370,370,370,370,3,31,31],"floor_reached":57,"playtime":4036,"items_purged":["Strike_B","Strike_B","Strike_B+1"],"score":3011,"play_id":"ba936010-4a15-46bc-8a50-89ad0954b81e","local_time":"20210521002005","is_ascension_mode":true,"campfire_choices":[{"floor":7.0,"key":"REST"},{"data":"Sweeping Beam","floor":10.0,"key":"SMITH"},{"data":"Apotheosis","floor":15,"key":"SMITH"},{"data":"Electrodynamics","floor":28,"key":"SMITH"},{"floor":32,"key":"RECALL"},{"data":"Creative AI","floor":40,"key":"SMITH"},{"data":"Seek","floor":49,"key":"SMITH"},{"data":"Fission","floor":53,"key":"SMITH"}],"neow_cost":"NONE","seed_source_timestamp":1864751442543200,"circlet_count":0,"master_deck":["AscendersBane","Strike_B+1","Defend_B","Defend_B","Defend_B","Defend_B","Zap","Dualcast","Cold Snap","Coolheaded","Self Repair","Sweeping Beam+1","Apotheosis+1","Beam Cell","Compile Driver","Seek+1","Hyperbeam","Ball Lightning","Sunder","Ball Lightning","Electrodynamics+1","RitualDagger","Coolheaded","Darkness","Stack","Creative AI+1","Turbo","Fission+1","Coolheaded","Compile Driver","Go for the Eyes+1","Glacier","Conserve Battery+1","Barrage","Seek","Capacitor","Barrage+1"],"special_seed":0,"relics":["Cracked Core","Whetstone","Pocketwatch","Gremlin Horn","Eternal Feather","PreservedInsect","Coffee Dripper","Enchiridion","Gambling Chip","CaptainsWheel","Omamori","DataDisk","SlaversCollar","Incense Burner","Orichalcum","Ancient Tea Set","Unceasing Top","Blood Vial"],"potions_floor_usage":[13,16,23,25,56,56],"damage_taken":[{"damage":0.0,"enemies":"Small Slimes","floor":1.0,"turns":2.0},{"damage":0.0,"enemies":"2 Louse","floor":2.0,"turns":3.0},{"damage":4.0,"enemies":"Jaw Worm","floor":5.0,"turns":3.0},{"damage":36.0,"enemies":"Lagavulin","floor":6.0,"turns":9.0},{"damage":30.0,"enemies":"Gremlin Nob","floor":8.0,"turns":4.0},{"damage":18.0,"enemies":"3 Sentries","floor":12.0,"turns":5.0},{"damage":11,"enemies":"Exordium Wildlife","floor":13,"turns":4},{"damage":4,"enemies":"Large Slime","floor":14,"turns":4},{"damage":11,"enemies":"The Guardian","floor":16,"turns":11},{"damage":12,"enemies":"3 Byrds","floor":18,"turns":5},{"damage":0,"enemies":"Spheric Guardian","floor":22,"turns":3},{"damage":20,"enemies":"Slavers","floor":23,"turns":2},{"damage":8,"enemies":"Centurion and Healer","floor":24,"turns":3},{"damage":0,"enemies":"Gremlin Leader","floor":25,"turns":4},{"damage":0,"enemies":"Snecko","floor":29,"turns":3},{"damage":0,"enemies":"Slavers","floor":31,"turns":2},{"damage":55,"enemies":"Automaton","floor":33,"turns":7},{"damage":0,"enemies":"3 Shapes","floor":35,"turns":2},{"damage":5,"enemies":"Orb Walker","floor":39,"turns":3},{"damage":0,"enemies":"Jaw Worm Horde","floor":41,"turns":2},{"damage":0,"enemies":"Reptomancer","floor":42,"turns":2},{"damage":14,"enemies":"Nemesis","floor":45,"turns":6},{"damage":6,"enemies":"3 Darklings","floor":46,"turns":2},{"damage":5,"enemies":"4 Shapes","floor":47,"turns":3},{"damage":0,"enemies":"Reptomancer","floor":48,"turns":4},{"damage":11,"enemies":"Donu and Deca","floor":50,"turns":11},{"damage":52,"enemies":"Time Eater","floor":51,"turns":14},{"damage":13,"enemies":"Shield and Spear","floor":55,"turns":6},{"damage":66,"enemies":"The Heart","floor":56,"turns":11}],"seed_played":"3391748367680421701","potions_obtained":[{"floor":1.0,"key":"Explosive Potion"},{"floor":8.0,"key":"Weak Potion"},{"floor":12.0,"key":"ColorlessPotion"},{"floor":13,"key":"Block Potion"},{"floor":14,"key":"PowerPotion"},{"floor":23,"key":"AttackPotion"},{"floor":25,"key":"Strength Potion"},{"floor":48,"key":"CultistPotion"}],"is_trial":false,"path_per_floor":["M","M","?","?","M","E","R","E","T","R","$","E","M","M","R","B",null,"M","$","?","?","M","E","M","E","T","?","R","M","?","E","R","B",null,"M","?","$","?","M","R","M","E","T","T","E","M","M","E","R","B","B",null,"R","$","E","B",null],"character_chosen":"DEFECT","items_purchased":["Apotheosis","FocusPotion","Fission","Seek","Capacitor"],"campfire_rested":1,"item_purchase_floors":[11,19,37,54,54],"current_hp_per_floor":[64,64,69,58,54,18,40,17,17,26,26,18,17,23,32,31,65,63,63,42,42,52,42,44,54,54,48,60,70,70,76,76,31,65,75,75,75,72,72,72,72,72,72,72,68,62,67,72,72,71,39,64,72,72,69,5],"gold":31,"neow_bonus":"RANDOM_COMMON_RELIC","is_prod":false,"is_daily":false,"chose_seed":false,"campfire_upgraded":6,"win_rate":0,"timestamp":1621581605,"path_taken":["M","M","?","?","M","E","R","E","T","R","$","E","M","M","R","BOSS","M","$","?","?","?","E","M","E","T","?","R","M","?","E","R","BOSS","M","?","$","?","M","R","M","E","T","?","E","M","M","E","R","BOSS","BOSS","R","$","E","BOSS"],"build_version":"2020-12-18","purchased_purges":3,"victory":true,"max_hp_per_floor":[71,71,76,76,76,76,76,76,76,76,76,76,76,76,76,76,76,76,76,76,76,76,76,76,76,76,76,76,76,76,76,76,76,76,76,76,76,72,72,72,72,72,72,72,72,72,72,72,72,72,72,72,72,72,72,72],"relic_stats":{"Blood Vial":2,"Gremlin Horn":[36,36],"counters":[29,140],"Gambling Chip":[64],"Eternal Feather":38,"PreservedInsect":383,"Whetstone":["Strike_B","Strike_B"],"Orichalcum":[48],"obtain_stats":[{"Gremlin Horn":8,"Enchiridion":20,"Eternal Feather":9,"PreservedInsect":12,"Omamori":26,"Incense Burner":42,"Whetstone":0,"Orichalcum":44,"Ancient Tea Set":45,"Blood Vial":55,"SlaversCollar":34,"CaptainsWheel":25,"DataDisk":31,"Gambling Chip":23,"Coffee Dripper":17,"Cracked Core":0,"Unceasing Top":48,"Pocketwatch":6},{"Gremlin Horn":5,"Enchiridion":10,"Eternal Feather":5,"PreservedInsect":6,"Omamori":14,"Incense Burner":21,"Whetstone":0,"Orichalcum":21,"Ancient Tea Set":22,"Blood Vial":28,"SlaversCollar":17,"CaptainsWheel":14,"DataDisk":16,"Gambling Chip":12,"Coffee Dripper":9,"Cracked Core":0,"Unceasing Top":25,"Pocketwatch":4},{"Gremlin Horn":21,"Enchiridion":50,"Eternal Feather":21,"PreservedInsect":26,"Omamori":62,"Incense Burner":83,"Whetstone":0,"Orichalcum":83,"Ancient Tea Set":89,"Blood Vial":129,"SlaversCollar":74,"CaptainsWheel":62,"DataDisk":67,"Gambling Chip":55,"Coffee Dripper":45,"Cracked Core":0,"Unceasing Top":98,"Pocketwatch":17}],"Unceasing Top":[1],"Pocketwatch":[66]},"card_choices":[{"not_picked":["Redo","Skim","Stack"],"picked":"SKIP","floor":1.0},{"not_picked":["Stack","Conserve Battery"],"picked":"Cold Snap","floor":2.0},{"not_picked":["Rip and Tear","Streamline"],"picked":"Coolheaded","floor":5.0},{"not_picked":["Recycle","Thunder Strike"],"picked":"Self Repair","floor":6.0},{"not_picked":["Beam Cell","White Noise"],"picked":"Sweeping Beam","floor":8.0},{"not_picked":["Gash","Coolheaded"],"picked":"Beam Cell","floor":12.0},{"not_picked":["White Noise","Redo"],"picked":"Compile Driver","floor":13},{"not_picked":["Beam Cell","Conserve Battery"],"picked":"Seek","floor":14},{"not_picked":["Meteor Strike","All For One"],"picked":"Hyperbeam","floor":16},{"not_picked":["Coolheaded","Streamline"],"picked":"Ball Lightning","floor":18},{"not_picked":["Compile Driver","Redo"],"picked":"Sunder","floor":22},{"not_picked":["Redo+1","Hello World","Beam Cell"],"picked":"SKIP","floor":23},{"not_picked":["Melter","Storm"],"picked":"Ball Lightning","floor":24},{"not_picked":["Skim","Blizzard+1"],"picked":"Electrodynamics","floor":25},{"not_picked":["Conserve Battery","Streamline"],"picked":"Coolheaded","floor":29},{"not_picked":["Blizzard","Recycle"],"picked":"Stack","floor":31},{"not_picked":["Biased Cognition","Hyperbeam"],"picked":"Creative AI","floor":33},{"not_picked":["Cold Snap+1","Conserve Battery+1"],"picked":"Turbo","floor":35},{"not_picked":["Leap","Ball Lightning"],"picked":"Coolheaded","floor":39},{"not_picked":["Beam Cell","Scrape+1"],"picked":"Compile Driver","floor":41},{"not_picked":["Leap","Beam Cell"],"picked":"Go for the Eyes+1","floor":42},{"not_picked":["Chill","FTL+1"],"picked":"Glacier","floor":45},{"not_picked":["Conserve Battery","Scrape","Meteor Strike"],"picked":"SKIP","floor":46},{"not_picked":["Cold Snap","Hello World+1"],"picked":"Conserve Battery+1","floor":47},{"not_picked":["FTL","Streamline"],"picked":"Barrage","floor":48},{"not_picked":["All For One","Chaos"],"picked":"Barrage+1","floor":55}],"player_experience":3739874,"relics_obtained":[{"floor":6.0,"key":"Pocketwatch"},{"floor":8.0,"key":"Gremlin Horn"},{"floor":9.0,"key":"Eternal Feather"},{"floor":12.0,"key":"PreservedInsect"},{"floor":20,"key":"Enchiridion"},{"floor":23,"key":"Gambling Chip"},{"floor":25,"key":"CaptainsWheel"},{"floor":26,"key":"Omamori"},{"floor":31,"key":"DataDisk"},{"floor":42,"key":"Incense Burner"},{"floor":44,"key":"Orichalcum"},{"floor":45,"key":"Ancient Tea Set"},{"floor":48,"key":"Unceasing Top"},{"floor":55,"key":"Blood Vial"}],"event_choices":[{"damage_healed":0.0,"max_hp_gain":5.0,"max_hp_loss":0.0,"gold_gain":0.0,"event_name":"Big Fish","player_choice":"Donut","floor":3.0,"gold_loss":0.0,"damage_taken":0.0},{"damage_healed":0.0,"max_hp_gain":0.0,"max_hp_loss":0.0,"gold_gain":75.0,"event_name":"World of Goop","player_choice":"Gather Gold","floor":4.0,"gold_loss":0.0,"damage_taken":11.0},{"damage_healed":0,"gold_gain":0,"player_choice":"Obtained Book","damage_taken":21,"max_hp_gain":0,"max_hp_loss":0,"event_name":"Cursed Tome","floor":20,"gold_loss":0},{"damage_healed":0,"gold_gain":0,"player_choice":"Ignored","damage_taken":0,"max_hp_gain":0,"max_hp_loss":0,"event_name":"The Mausoleum","floor":21,"gold_loss":0},{"damage_healed":0,"gold_gain":0,"player_choice":"Joined the Cult","damage_taken":6,"max_hp_gain":0,"max_hp_loss":0,"event_name":"Nest","floor":27,"gold_loss":0,"cards_obtained":["RitualDagger"]},{"damage_healed":0,"gold_gain":0,"player_choice":"Read","damage_taken":0,"max_hp_gain":0,"max_hp_loss":0,"event_name":"The Library","floor":30,"gold_loss":0,"cards_obtained":["Darkness"]},{"damage_healed":0,"gold_gain":0,"player_choice":"Ignored","damage_taken":0,"max_hp_gain":0,"max_hp_loss":0,"event_name":"Tomb of Lord Red Mask","floor":36,"gold_loss":0},{"damage_healed":0,"gold_gain":0,"player_choice":"Max HP","damage_taken":0,"max_hp_gain":0,"max_hp_loss":4,"event_name":"Winding Halls","floor":38,"gold_loss":0}],"is_beta":true,"boss_relics":[{"not_picked":["Fusion Hammer","Nuclear Battery"],"picked":"Coffee Dripper"},{"not_picked":["Sozu","Runic Pyramid"],"picked":"SlaversCollar"}],"items_purged_floors":[19,37,54],"is_endless":false,"potions_floor_spawned":[1,8,12,13,14,23,25,31,35,42,48],"ascension_level":20}