{"gold_per_floor":[113,126,145,155,1,1,1,29,29,29,59,77,77,95,95,174,174,188,208,208,27,27,27],"floor_reached":23,"playtime":1036,"items_purged":["Strike_B","Decay"],"score":402,"play_id":"68b6af8f-be31-48cc-89f7-d8b06bf25ca1","local_time":"20210518193304","is_ascension_mode":true,"campfire_choices":[{"data":"Sunder","floor":6,"key":"SMITH"},{"data":"Zap","floor":10,"key":"SMITH"},{"data":"Chaos","floor":13,"key":"SMITH"},{"data":"Creative AI","floor":15,"key":"SMITH"}],"neow_cost":"TEN_PERCENT_HP_LOSS","seed_source_timestamp":1677868483522700,"circlet_count":0,"master_deck":["AscendersBane","Strike_B","Strike_B","Strike_B","Defend_B","Defend_B","Defend_B","Defend_B","Zap+1","Dualcast","Violence","Conserve Battery","Sweeping Beam+1","Sunder+1","Coolheaded","Creative AI+1","Hologram","Chaos+1","Coolheaded","Genetic Algorithm","Electrodynamics","Beam Cell","Tempest+1","Defragment"],"relics":["Cracked Core","DataDisk","HornCleat","Question Card","Nuclear Battery","Enchiridion"],"potions_floor_usage":[8,11,19,23],"damage_taken":[{"damage":1,"enemies":"Cultist","floor":1,"turns":3},{"damage":4,"enemies":"Jaw Worm","floor":2,"turns":4},{"damage":0,"enemies":"2 Louse","floor":3,"turns":3},{"damage":1,"enemies":"Looter","floor":4,"turns":3},{"damage":9,"enemies":"3 Sentries","floor":8,"turns":5},{"damage":25,"enemies":"Gremlin Nob","floor":11,"turns":4},{"damage":0,"enemies":"Exordium Wildlife","floor":12,"turns":4},{"damage":0,"enemies":"Large Slime","floor":14,"turns":3},{"damage":11,"enemies":"The Guardian","floor":16,"turns":12},{"damage":6,"enemies":"2 Thieves","floor":18,"turns":4},{"damage":12,"enemies":"Chosen","floor":19,"turns":4},{"damage":14,"enemies":"Slavers","floor":23,"turns":1}],"seed_played":"4549158372474714213","potions_obtained":[{"floor":1,"key":"Ancient Potion"},{"floor":4,"key":"LiquidMemories"},{"floor":12,"key":"Weak Potion"},{"floor":14,"key":"Weak Potion"},{"floor":16,"key":"PowerPotion"}],"is_trial":false,"path_per_floor":["M","M","M","M","$","R","?","E","T","R","E","M","R","M","R","B",null,"M","M","?","$","?","E"],"character_chosen":"DEFECT","items_purchased":["Creative AI","Defragment"],"campfire_rested":0,"item_purchase_floors":[5,21],"current_hp_per_floor":[63,59,59,58,58,58,58,49,49,49,24,24,24,24,24,13,51,45,33,33,33,12,0],"gold":27,"neow_bonus":"RANDOM_COLORLESS_2","is_prod":false,"is_daily":false,"chose_seed":false,"campfire_upgraded":4,"win_rate":0,"timestamp":1621391584,"path_taken":["M","M","M","?","$","R","?","E","T","R","E","M","R","M","R","BOSS","M","M","?","$","?","E"],"build_version":"2020-12-18","purchased_purges":2,"victory":false,"max_hp_per_floor":[64,64,64,64,64,64,64,64,64,64,64,64,64,64,64,64,64,64,64,64,64,64,64],"relic_stats":{"counters":[12,50],"Question Card":5,"obtain_stats":[{"DataDisk":8,"HornCleat":9,"Enchiridion":22,"Cracked Core":0,"Question Card":11,"Nuclear Battery":17},{"DataDisk":5,"HornCleat":5,"Enchiridion":11,"Cracked Core":0,"Question Card":6,"Nuclear Battery":9},{"DataDisk":18,"HornCleat":18,"Enchiridion":49,"Cracked Core":0,"Question Card":22,"Nuclear Battery":41}]},"card_choices":[{"not_picked":["Secret Weapon","Mayhem"],"picked":"Violence","floor":0},{"not_picked":["Steam","Force Field"],"picked":"Conserve Battery","floor":1},{"not_picked":["Conserve Battery","Turbo"],"picked":"Sweeping Beam","floor":2},{"not_picked":["Cold Snap","Reprogram"],"picked":"Sunder","floor":3},{"not_picked":["Chill","Hello World"],"picked":"Coolheaded","floor":4},{"not_picked":["Steam Power","Redo"],"picked":"Hologram","floor":8},{"not_picked":["Steam Power","Coolheaded"],"picked":"Chaos","floor":11},{"not_picked":["FTL","Hello World","Auto Shields"],"picked":"Coolheaded","floor":12},{"not_picked":["Ball Lightning","Hyperbeam","Beam Cell"],"picked":"Genetic Algorithm","floor":14},{"not_picked":["All For One","Buffer","Seek"],"picked":"Electrodynamics","floor":16},{"not_picked":["Doom and Gloom","Loop","Coolheaded"],"picked":"Beam Cell","floor":18},{"not_picked":["Conserve Battery","Ball Lightning","Leap"],"picked":"Tempest+1","floor":19}],"player_experience":3700783,"relics_obtained":[{"floor":8,"key":"DataDisk"},{"floor":9,"key":"HornCleat"},{"floor":11,"key":"Question Card"},{"floor":22,"key":"Enchiridion"}],"event_choices":[{"damage_healed":0,"gold_gain":0,"player_choice":"Grow","damage_taken":0,"max_hp_gain":0,"max_hp_loss":0,"event_name":"Living Wall","floor":7,"gold_loss":0,"cards_upgraded":["Sweeping Beam"]},{"damage_healed":0,"gold_gain":0,"player_choice":"Smashed Altar","damage_taken":0,"max_hp_gain":0,"max_hp_loss":0,"event_name":"Forgotten Altar","floor":20,"gold_loss":0,"cards_obtained":["Decay"]},{"damage_healed":0,"gold_gain":0,"player_choice":"Obtained Book","damage_taken":21,"max_hp_gain":0,"max_hp_loss":0,"event_name":"Cursed Tome","floor":22,"gold_loss":0}],"is_beta":true,"boss_relics":[{"not_picked":["Tiny House","Velvet Choker"],"picked":"Nuclear Battery"}],"items_purged_floors":[5,21],"is_endless":false,"potions_floor_spawned":[1,4,12,14,16,18],"killed_by":"Slavers","ascension_level":20}