{"gold_per_floor":[114,128,128,143,143,143,179,225,225,268,47,47,86,107,107,206,206,231,246,246,267,28,68,68,111,182,182,182,220,220],"floor_reached":30,"playtime":1390,"items_purged":[],"score":783,"play_id":"843c5116-9fbd-4745-9025-80a68c3da13b","local_time":"20210520231016","is_ascension_mode":true,"campfire_choices":[{"data":"Beam Cell","floor":6.0,"key":"SMITH"},{"data":"Zap","floor":12.0,"key":"SMITH"},{"data":"Ball Lightning","floor":15.0,"key":"SMITH"},{"data":"Reprogram","floor":24,"key":"SMITH"},{"data":"Hyperbeam","floor":27,"key":"SMITH"}],"neow_cost":"NONE","seed_source_timestamp":1863290719209200,"circlet_count":0,"master_deck":["AscendersBane","Defend_B","Defend_B","Defend_B","Defend_B","Zap+1","Dualcast","Beam Cell+1","Coolheaded","Skim","All For One","Gash","Cold Snap","Ball Lightning+1","Hyperbeam+1","Cold Snap+1","Gash+1","FTL+1","Gash","Gash","Reprogram+1","Core Surge","FTL","Rebound"],"special_seed":0,"relics":["Runic Dome","Golden Idol","Toy Ornithopter","Oddly Smooth Stone","Smiling Mask","Darkstone Periapt","Lee\u0027s Waffle","Regal Pillow","Astrolabe","Pantograph","Question Card","The Courier","Lantern","Art of War"],"potions_floor_usage":[23,23],"damage_taken":[{"damage":0.0,"enemies":"2 Louse","floor":1.0,"turns":1.0},{"damage":0.0,"enemies":"Small Slimes","floor":2.0,"turns":3.0},{"damage":2.0,"enemies":"Jaw Worm","floor":4.0,"turns":3.0},{"damage":39.0,"enemies":"Gremlin Nob","floor":7.0,"turns":4.0},{"damage":6.0,"enemies":"Lagavulin","floor":10.0,"turns":5.0},{"damage":12.0,"enemies":"3 Sentries","floor":13.0,"turns":7.0},{"damage":10.0,"enemies":"Exordium Wildlife","floor":14.0,"turns":2.0},{"damage":0.0,"enemies":"Slime Boss","floor":16.0,"turns":5.0},{"damage":0.0,"enemies":"Chosen","floor":18.0,"turns":2.0},{"damage":21,"enemies":"Shell Parasite","floor":19,"turns":3},{"damage":6,"enemies":"3 Cultists","floor":21,"turns":4},{"damage":12,"enemies":"Slavers","floor":23,"turns":5},{"damage":0,"enemies":"Gremlin Leader","floor":25,"turns":3},{"damage":35,"enemies":"Slavers","floor":29,"turns":4},{"damage":24,"enemies":"Snake Plant","floor":30,"turns":2}],"seed_played":"-3995948687915342970","potions_obtained":[{"floor":7.0,"key":"DistilledChaos"},{"floor":14.0,"key":"EssenceOfDarkness"},{"floor":16.0,"key":"FearPotion"},{"floor":25,"key":"Energy Potion"}],"is_trial":false,"path_per_floor":["M","M","?","M","?","R","E","T","T","E","$","R","E","M","R","B",null,"M","M","?","M","$","E","R","E","T","R","?","E","M"],"character_chosen":"DEFECT","items_purchased":["Lee\u0027s Waffle","Fire Potion","Reprogram","Core Surge","Regen Potion"],"campfire_rested":0,"item_purchase_floors":[11,11,22,22,22],"current_hp_per_floor":[64,64,64,62,55,55,16,16,16,15,71,71,59,49,49,54,67,67,46,46,40,40,52,52,52,52,52,52,17,0],"gold":220,"neow_bonus":"BOSS_RELIC","is_prod":false,"is_daily":false,"chose_seed":false,"campfire_upgraded":5,"win_rate":0,"timestamp":1621577416,"path_taken":["M","M","?","M","?","R","E","?","T","E","$","R","E","M","R","BOSS","M","M","?","M","$","E","R","E","T","R","?","E","?"],"build_version":"2020-12-18","purchased_purges":0,"victory":false,"max_hp_per_floor":[71,71,64,64,64,64,64,64,64,64,71,71,71,71,71,71,71,71,71,71,71,71,71,71,71,71,71,71,71,71],"relic_stats":{"Darkstone Periapt":0,"Lee\u0027s Waffle":56,"Regal Pillow":0,"counters":[15,53],"Golden Idol":88,"Astrolabe":["Cold Snap","Gash","FTL"],"Pantograph":0,"Art of War":[0],"Smiling Mask":0,"Question Card":1,"obtain_stats":[{"Darkstone Periapt":10,"Lee\u0027s Waffle":11,"Regal Pillow":13,"Lantern":28,"Golden Idol":3,"Astrolabe":17,"Oddly Smooth Stone":8,"The Courier":26,"Smiling Mask":9,"Question Card":25,"Runic Dome":0,"Pantograph":23,"Art of War":29,"Cracked Core":0,"Toy Ornithopter":7},{"Darkstone Periapt":5,"Lee\u0027s Waffle":5,"Regal Pillow":6,"Lantern":13,"Golden Idol":2,"Astrolabe":8,"Oddly Smooth Stone":4,"The Courier":13,"Smiling Mask":4,"Question Card":13,"Runic Dome":0,"Pantograph":12,"Art of War":14,"Cracked Core":0,"Toy Ornithopter":4},{"Darkstone Periapt":16,"Lee\u0027s Waffle":16,"Regal Pillow":23,"Lantern":47,"Golden Idol":4,"Astrolabe":30,"Oddly Smooth Stone":11,"The Courier":47,"Smiling Mask":11,"Question Card":47,"Runic Dome":0,"Pantograph":44,"Art of War":51,"Cracked Core":0,"Toy Ornithopter":11}],"Toy Ornithopter":20},"card_choices":[{"not_picked":["Go for the Eyes","Redo"],"picked":"Beam Cell","floor":1.0},{"not_picked":["Recycle","Undo"],"picked":"Coolheaded","floor":2.0},{"not_picked":["BootSequence","Leap"],"picked":"Skim","floor":4.0},{"not_picked":["Rebound","Fusion"],"picked":"All For One","floor":7.0},{"not_picked":["Reinforced Body","Leap"],"picked":"Gash","floor":10.0},{"not_picked":["Conserve Battery","Rip and Tear"],"picked":"Cold Snap","floor":13.0},{"not_picked":["Reinforced Body","Cold Snap"],"picked":"Ball Lightning","floor":14.0},{"not_picked":["Meteor Strike","Multi-Cast"],"picked":"Hyperbeam","floor":16.0},{"not_picked":["Rebound","FTL","Cold Snap"],"picked":"SKIP","floor":18.0},{"not_picked":["Loop+1","Recycle","Ball Lightning"],"picked":"SKIP","floor":19},{"not_picked":["Reinforced Body","Conserve Battery"],"picked":"Gash","floor":21},{"not_picked":["Buffer","Coolheaded"],"picked":"FTL","floor":23},{"not_picked":["Static Discharge+1","Conserve Battery","Redo"],"picked":"SKIP","floor":25},{"not_picked":["BootSequence","Defragment","Hello World"],"picked":"Rebound","floor":29}],"player_experience":3738484,"relics_obtained":[{"floor":7.0,"key":"Toy Ornithopter"},{"floor":8.0,"key":"Oddly Smooth Stone"},{"floor":9.0,"key":"Smiling Mask"},{"floor":10.0,"key":"Darkstone Periapt"},{"floor":13.0,"key":"Regal Pillow"},{"floor":23,"key":"Pantograph"},{"floor":25,"key":"Question Card"},{"floor":26,"key":"The Courier"},{"floor":29,"key":"Art of War"}],"event_choices":[{"damage_healed":0.0,"max_hp_gain":0.0,"max_hp_loss":7.0,"gold_gain":0.0,"event_name":"Golden Idol","player_choice":"Lose Max HP","floor":3.0,"gold_loss":0.0,"damage_taken":0.0,"relics_obtained":["Golden Idol"]},{"cards_removed":["Strike_B"],"damage_healed":0.0,"max_hp_gain":0.0,"max_hp_loss":0.0,"gold_gain":0.0,"event_name":"Golden Wing","player_choice":"Card Removal","floor":5.0,"gold_loss":0.0,"damage_taken":7.0},{"damage_healed":0,"gold_gain":0,"player_choice":"Read","damage_taken":0,"max_hp_gain":0,"max_hp_loss":0,"event_name":"The Library","floor":20,"gold_loss":0,"cards_obtained":["Gash"]},{"damage_healed":0,"gold_gain":0,"player_choice":"Gave Potion","damage_taken":0,"relics_obtained":["Lantern"],"max_hp_gain":0,"max_hp_loss":0,"event_name":"WeMeetAgain","floor":28,"gold_loss":0}],"is_beta":true,"boss_relics":[{"not_picked":["Runic Pyramid","Philosopher\u0027s Stone"],"picked":"Astrolabe"}],"items_purged_floors":[],"is_endless":false,"potions_floor_spawned":[7,14,16,25],"killed_by":"Snake Plant","ascension_level":20}