{"gold_per_floor":[110,121,121,121,32,32,42,72,72,14,25,57,70,83,83,159,159,173,183,183,20,33,33,65,82,108,127,127,127,127],"floor_reached":30,"playtime":2716,"items_purged":[],"score":524,"play_id":"b63d25fe-468e-4cb0-9403-60f446e7f77a","local_time":"20210522232017","is_ascension_mode":true,"campfire_choices":[{"floor":6.0,"key":"REST"},{"data":"Defragment","floor":15,"key":"SMITH"},{"data":"Electrodynamics","floor":23,"key":"SMITH"},{"data":"Self Repair","floor":29,"key":"SMITH"}],"neow_cost":"PERCENT_DAMAGE","seed_source_timestamp":160271092912400,"circlet_count":0,"master_deck":["AscendersBane","Strike_B","Strike_B","Strike_B","Defend_B","Defend_B","Defend_B","Defend_B","Zap","Dualcast","Electrodynamics+1","Defragment+1","Self Repair+1","Ball Lightning","Steam","Skim","Echo Form","Conserve Battery","Sweeping Beam","Glacier","Necronomicurse","Genetic Algorithm","Cold Snap","FTL"],"special_seed":0,"relics":["Cracked Core","Meat on the Bone","Oddly Smooth Stone","Du-Vu Doll","Coffee Dripper","Necronomicon","Runic Capacitor","Blue Candle","Vajra","Letter Opener"],"potions_floor_usage":[16,22,24,25],"damage_taken":[{"damage":10.0,"enemies":"Small Slimes","floor":1.0,"turns":4.0},{"damage":1.0,"enemies":"Cultist","floor":2.0,"turns":3.0},{"damage":10.0,"enemies":"2 Louse","floor":7.0,"turns":3.0},{"damage":32.0,"enemies":"Gremlin Nob","floor":8.0,"turns":4.0},{"damage":5.0,"enemies":"Looter","floor":11.0,"turns":2.0},{"damage":21.0,"enemies":"Lagavulin","floor":12.0,"turns":6.0},{"damage":0,"enemies":"2 Fungi Beasts","floor":13,"turns":3},{"damage":5,"enemies":"Large Slime","floor":14,"turns":4},{"damage":42,"enemies":"Hexaghost","floor":16,"turns":8},{"damage":0,"enemies":"Chosen","floor":18,"turns":3},{"damage":3,"enemies":"3 Byrds","floor":19,"turns":3},{"damage":41,"enemies":"Cultist and Chosen","floor":22,"turns":4},{"damage":19,"enemies":"Gremlin Leader","floor":24,"turns":5},{"damage":18,"enemies":"Snake Plant","floor":25,"turns":4},{"damage":6,"enemies":"Centurion and Healer","floor":27,"turns":7},{"damage":40,"enemies":"Book of Stabbing","floor":30,"turns":4}],"seed_played":"6271124377810942506","potions_obtained":[{"floor":1.0,"key":"Regen Potion"},{"floor":8.0,"key":"Swift Potion"},{"floor":12.0,"key":"DistilledChaos"},{"floor":16,"key":"FairyPotion"},{"floor":18,"key":"EssenceOfDarkness"},{"floor":24,"key":"GamblersBrew"}],"is_trial":false,"path_per_floor":["M","M","?","?","$","R","M","E","T","?","M","E","M","M","R","B",null,"M","M","?","$","M","R","E","M","T","M","?","R","E"],"character_chosen":"DEFECT","items_purchased":["Self Repair","Runic Capacitor"],"campfire_rested":1,"item_purchase_floors":[5,21],"current_hp_per_floor":[36,35,28,28,28,49,46,21,21,21,28,41,48,50,50,27,60,67,71,50,50,28,28,21,22,22,35,35,35,0],"gold":127,"neow_bonus":"THREE_RARE_CARDS","is_prod":false,"is_daily":false,"chose_seed":false,"campfire_upgraded":3,"win_rate":0,"timestamp":1621750817,"path_taken":["M","M","?","?","$","R","M","E","T","?","M","E","M","M","R","BOSS","M","M","?","$","M","R","E","M","T","M","?","R","E"],"build_version":"2020-12-18","purchased_purges":0,"victory":false,"max_hp_per_floor":[71,71,71,71,71,71,71,71,71,71,71,71,71,71,71,71,71,71,71,71,71,71,71,71,71,71,71,71,71,71],"relic_stats":{"counters":[16,67],"Blue Candle":[1],"Necronomicon":[0],"Letter Opener":[5],"obtain_stats":[{"Du-Vu Doll":12,"Blue Candle":24,"Oddly Smooth Stone":9,"Vajra":26,"Coffee Dripper":17,"Necronomicon":20,"Runic Capacitor":21,"Letter Opener":28,"Cracked Core":0,"Meat on the Bone":8},{"Du-Vu Doll":6,"Blue Candle":13,"Oddly Smooth Stone":4,"Vajra":14,"Coffee Dripper":9,"Necronomicon":11,"Runic Capacitor":11,"Letter Opener":15,"Cracked Core":0,"Meat on the Bone":4},{"Du-Vu Doll":22,"Blue Candle":52,"Oddly Smooth Stone":14,"Vajra":56,"Coffee Dripper":37,"Necronomicon":43,"Runic Capacitor":43,"Letter Opener":63,"Cracked Core":0,"Meat on the Bone":14}],"Meat on the Bone":84},"card_choices":[{"not_picked":["Hyperbeam","Multi-Cast"],"picked":"Electrodynamics","floor":0.0},{"not_picked":["Aggregate","Rip and Tear"],"picked":"Barrage","floor":1.0},{"not_picked":["Sweeping Beam","Compile Driver"],"picked":"Defragment","floor":2.0},{"not_picked":["Melter","Steam Power"],"picked":"Ball Lightning","floor":7.0},{"not_picked":["Turbo","Undo"],"picked":"Steam","floor":8.0},{"not_picked":["Multi-Cast","Compile Driver"],"picked":"Skim","floor":11.0},{"not_picked":["Go for the Eyes","Conserve Battery"],"picked":"Echo Form","floor":12.0},{"not_picked":["Turbo","Hologram"],"picked":"Conserve Battery","floor":13},{"not_picked":["Leap","Heatsinks","Rebound"],"picked":"SKIP","floor":14},{"not_picked":["Barrage","Rebound"],"picked":"Sweeping Beam","floor":18},{"not_picked":["Coolheaded","Steam"],"picked":"Glacier","floor":19},{"not_picked":["Steam","Machine Learning","Darkness"],"picked":"SKIP","floor":22},{"not_picked":["Steam Power","Turbo"],"picked":"Genetic Algorithm","floor":24},{"not_picked":["Doom and Gloom","Recycle"],"picked":"Cold Snap","floor":25},{"not_picked":["Hello World","Blizzard"],"picked":"FTL","floor":27}],"player_experience":3773961,"relics_obtained":[{"floor":8.0,"key":"Meat on the Bone"},{"floor":9.0,"key":"Oddly Smooth Stone"},{"floor":12.0,"key":"Du-Vu Doll"},{"floor":20,"key":"Necronomicon"},{"floor":24,"key":"Blue Candle"},{"floor":26,"key":"Vajra"}],"event_choices":[{"cards_removed":["Strike_B"],"damage_healed":0.0,"max_hp_gain":0.0,"max_hp_loss":0.0,"gold_gain":0.0,"event_name":"Golden Wing","player_choice":"Card Removal","floor":3.0,"gold_loss":0.0,"damage_taken":7.0},{"damage_healed":0.0,"max_hp_gain":0.0,"max_hp_loss":0.0,"gold_gain":0.0,"event_name":"Liars Game","player_choice":"Ignored","floor":4.0,"gold_loss":0.0,"damage_taken":0.0},{"damage_healed":0.0,"max_hp_gain":0.0,"max_hp_loss":0.0,"gold_gain":0.0,"event_name":"World of Goop","player_choice":"Left Gold","floor":10.0,"gold_loss":58.0,"damage_taken":0.0},{"damage_healed":0,"gold_gain":0,"player_choice":"Obtained Book","damage_taken":21,"max_hp_gain":0,"max_hp_loss":0,"event_name":"Cursed Tome","floor":20,"gold_loss":0},{"cards_removed":["Barrage"],"damage_healed":0,"gold_gain":0,"player_choice":"Gave Card","damage_taken":0,"relics_obtained":["Letter Opener"],"max_hp_gain":0,"max_hp_loss":0,"event_name":"WeMeetAgain","floor":28,"gold_loss":0}],"is_beta":true,"boss_relics":[{"not_picked":["Empty Cage","Tiny House"],"picked":"Coffee Dripper"}],"items_purged_floors":[],"is_endless":false,"potions_floor_spawned":[1,8,12,16,18,24],"killed_by":"Book of Stabbing","ascension_level":20}