{"gold_per_floor":[118,88,102,115,128,158,177,20,20,20,20,50,65,91,91,169,169,181,181,181,231,45,45,73,73,99,110,110,140,140,156,156,230,230,241,241,256,281,281],"floor_reached":39,"playtime":1920,"items_purged":["Strike_B"],"score":974,"play_id":"65b3a8b7-b35f-49f7-9be4-e62553717693","local_time":"20210523113306","is_ascension_mode":true,"campfire_choices":[{"floor":11,"key":"REST"},{"data":"Sunder","floor":15,"key":"SMITH"},{"data":"Defragment","floor":23,"key":"SMITH"},{"data":"Meteor Strike","floor":25,"key":"SMITH"},{"data":"Barrage","floor":28,"key":"SMITH"},{"floor":32,"key":"REST"}],"neow_cost":"NONE","seed_source_timestamp":205063850712500,"circlet_count":0,"master_deck":["AscendersBane","Strike_B","Strike_B","Strike_B","Defend_B","Defend_B","Defend_B","Zap","Dualcast","Compile Driver","Conserve Battery","Static Discharge","Barrage+1","Sweeping Beam","Steam","Sunder+1","Glacier","Cold Snap","Meteor Strike+1","Defragment+1","Steam Power+1","Biased Cognition","Biased Cognition","Echo Form"],"relics":["Philosopher\u0027s Stone","Akabeko","TheAbacus","Symbiotic Virus","Centennial Puzzle","Meat on the Bone","Emotion Chip","Inserter","Vajra","Art of War","Orichalcum","SlaversCollar","Du-Vu Doll"],"potions_floor_usage":[5,6,12,18,24,24,29,29,33],"damage_taken":[{"damage":8,"enemies":"Jaw Worm","floor":1,"turns":3},{"damage":0,"enemies":"Cultist","floor":3,"turns":3},{"damage":5,"enemies":"2 Louse","floor":4,"turns":3},{"damage":3,"enemies":"Exordium Thugs","floor":5,"turns":4},{"damage":32,"enemies":"Gremlin Nob","floor":6,"turns":4},{"damage":11,"enemies":"3 Louse","floor":7,"turns":3},{"damage":3,"enemies":"Lagavulin","floor":12,"turns":4},{"damage":9,"enemies":"Large Slime","floor":13,"turns":3},{"damage":0,"enemies":"3 Sentries","floor":14,"turns":7},{"damage":34,"enemies":"The Guardian","floor":16,"turns":10},{"damage":2,"enemies":"2 Thieves","floor":18,"turns":4},{"damage":24,"enemies":"Book of Stabbing","floor":24,"turns":3},{"damage":8,"enemies":"Shell Parasite","floor":27,"turns":4},{"damage":7,"enemies":"Slavers","floor":29,"turns":5},{"damage":11,"enemies":"Shelled Parasite and Fungi","floor":31,"turns":2},{"damage":18,"enemies":"Automaton","floor":33,"turns":9},{"damage":6,"enemies":"3 Shapes","floor":35,"turns":7},{"damage":5,"enemies":"Orb Walker","floor":37,"turns":4},{"damage":25,"enemies":"Mind Bloom Boss Battle","floor":38,"turns":6},{"damage":42,"enemies":"2 Orb Walkers","floor":39,"turns":4}],"seed_played":"-7139122326878258496","potions_obtained":[{"floor":2,"key":"Dexterity Potion"},{"floor":2,"key":"PowerPotion"},{"floor":4,"key":"SkillPotion"},{"floor":7,"key":"SkillPotion"},{"floor":12,"key":"FearPotion"},{"floor":24,"key":"AttackPotion"},{"floor":27,"key":"SkillPotion"},{"floor":31,"key":"BlessingOfTheForge"}],"is_trial":false,"path_per_floor":["M","?","M","M","M","E","M","$","T","?","R","E","M","E","R","B",null,"M","?","?","?","$","R","E","R","T","M","R","E","?","M","R","B",null,"M","?","M","?","?"],"character_chosen":"DEFECT","items_purchased":["TheAbacus","AttackPotion","PowerPotion"],"campfire_rested":2,"item_purchase_floors":[8,22,22],"current_hp_per_floor":[56,56,56,51,48,16,5,5,5,5,26,23,26,38,38,16,57,55,55,55,55,55,55,43,43,43,47,47,40,20,21,43,37,66,60,60,55,42,0],"gold":281,"neow_bonus":"BOSS_RELIC","is_prod":false,"is_daily":false,"chose_seed":false,"campfire_upgraded":4,"win_rate":0,"timestamp":1621794786,"path_taken":["M","?","M","?","M","E","M","$","T","?","R","E","M","E","R","BOSS","M","?","?","?","$","R","E","R","T","?","R","E","?","M","R","BOSS","M","?","M","?","?"],"build_version":"2020-12-18","purchased_purges":1,"victory":false,"max_hp_per_floor":[71,71,71,71,71,71,71,71,71,71,71,71,71,71,71,71,71,71,71,71,71,71,71,71,71,71,71,71,71,76,76,76,76,76,76,76,76,76,76],"relic_stats":{"Centennial Puzzle":[39],"Emotion Chip":[50,10,24,12,4],"TheAbacus":[90],"Inserter":[24],"counters":[20,92],"Art of War":[7],"Orichalcum":[36],"obtain_stats":[{"Inserter":17,"Vajra":24,"Orichalcum":29,"Akabeko":6,"Du-Vu Doll":38,"SlaversCollar":34,"Centennial Puzzle":10,"Emotion Chip":14,"TheAbacus":8,"Philosopher\u0027s Stone":0,"Art of War":26,"Cracked Core":0,"Symbiotic Virus":9,"Meat on the Bone":12},{"Inserter":10,"Vajra":12,"Orichalcum":14,"Akabeko":5,"Du-Vu Doll":19,"SlaversCollar":16,"Centennial Puzzle":6,"Emotion Chip":9,"TheAbacus":6,"Philosopher\u0027s Stone":0,"Art of War":12,"Cracked Core":0,"Symbiotic Virus":6,"Meat on the Bone":7},{"Inserter":44,"Vajra":51,"Orichalcum":60,"Akabeko":17,"Du-Vu Doll":88,"SlaversCollar":71,"Centennial Puzzle":20,"Emotion Chip":34,"TheAbacus":20,"Philosopher\u0027s Stone":0,"Art of War":51,"Cracked Core":0,"Symbiotic Virus":20,"Meat on the Bone":24}],"Meat on the Bone":96},"card_choices":[{"not_picked":["Undo","Leap"],"picked":"Compile Driver","floor":1},{"not_picked":["Go for the Eyes","Recycle"],"picked":"Conserve Battery","floor":3},{"not_picked":["Redo","Buffer"],"picked":"Static Discharge","floor":4},{"not_picked":["Go for the Eyes","Steam Power"],"picked":"Barrage","floor":5},{"not_picked":["Buffer","Capacitor"],"picked":"Sweeping Beam","floor":6},{"not_picked":["Beam Cell","Go for the Eyes"],"picked":"Steam","floor":7},{"not_picked":["Hello World","Stack"],"picked":"Sunder","floor":12},{"not_picked":["Loop","Gash"],"picked":"Glacier","floor":13},{"not_picked":["Sunder","Gash"],"picked":"Cold Snap","floor":14},{"not_picked":["Reboot","Machine Learning"],"picked":"Meteor Strike","floor":16},{"not_picked":["Streamline","BootSequence","Redo"],"picked":"SKIP","floor":18},{"not_picked":["Stack+1","Streamline"],"picked":"Steam Power+1","floor":24},{"not_picked":["Tempest","Redo","Capacitor"],"picked":"SKIP","floor":27},{"not_picked":["Thunder Strike","Beam Cell"],"picked":"Biased Cognition","floor":29},{"not_picked":["Streamline","Sweeping Beam","Gash"],"picked":"SKIP","floor":31},{"not_picked":["Echo Form","Multi-Cast"],"picked":"Biased Cognition","floor":33},{"not_picked":["Barrage","Streamline","Steam Power"],"picked":"SKIP","floor":35},{"not_picked":["Leap","Gash","Ball Lightning+1"],"picked":"SKIP","floor":37},{"not_picked":["Sweeping Beam","Turbo"],"picked":"Echo Form","floor":38}],"player_experience":3779134,"relics_obtained":[{"floor":6,"key":"Akabeko"},{"floor":9,"key":"Symbiotic Virus"},{"floor":10,"key":"Centennial Puzzle"},{"floor":12,"key":"Meat on the Bone"},{"floor":14,"key":"Emotion Chip"},{"floor":24,"key":"Vajra"},{"floor":26,"key":"Art of War"},{"floor":29,"key":"Orichalcum"},{"floor":38,"key":"Du-Vu Doll"}],"event_choices":[{"damage_healed":0,"gold_gain":0,"player_choice":"Bought 2 Potions","damage_taken":0,"max_hp_gain":0,"max_hp_loss":0,"event_name":"The Woman in Blue","floor":2,"gold_loss":0},{"damage_healed":0,"gold_gain":0,"player_choice":"Relic","damage_taken":0,"max_hp_gain":0,"max_hp_loss":0,"event_name":"Wheel of Change","floor":10,"gold_loss":0},{"damage_healed":0,"gold_gain":0,"player_choice":"Read","damage_taken":0,"max_hp_gain":0,"max_hp_loss":0,"event_name":"The Library","floor":19,"gold_loss":0,"cards_obtained":["Defragment"]},{"damage_healed":0,"gold_gain":0,"player_choice":"Ignored","damage_taken":0,"max_hp_gain":0,"max_hp_loss":0,"event_name":"Beggar","floor":20,"gold_loss":0},{"damage_healed":0,"gold_gain":100,"player_choice":"Bet on Murderer","damage_taken":0,"max_hp_gain":0,"max_hp_loss":0,"event_name":"The Joust","floor":21,"gold_loss":50},{"damage_healed":0,"gold_gain":0,"player_choice":"Shed Blood","damage_taken":25,"max_hp_gain":5,"max_hp_loss":0,"event_name":"Forgotten Altar","floor":30,"gold_loss":0},{"cards_removed":["Defend_B"],"damage_healed":0,"gold_gain":0,"player_choice":"Removed Skill","damage_taken":0,"max_hp_gain":0,"max_hp_loss":0,"event_name":"Falling","floor":36,"gold_loss":0},{"damage_healed":0,"gold_gain":0,"player_choice":"Fight","damage_taken":0,"max_hp_gain":0,"max_hp_loss":0,"event_name":"MindBloom","floor":38,"gold_loss":0},{"damage_healed":0,"gold_gain":0,"player_choice":"Fight","damage_taken":0,"max_hp_gain":0,"max_hp_loss":0,"event_name":"Mysterious Sphere","floor":39,"gold_loss":0}],"is_beta":true,"boss_relics":[{"not_picked":["Runic Pyramid","Tiny House"],"picked":"Inserter"},{"not_picked":["Cursed Key","Astrolabe"],"picked":"SlaversCollar"}],"items_purged_floors":[22],"is_endless":false,"potions_floor_spawned":[4,7,12,24,27,31],"killed_by":"2 Orb Walkers","ascension_level":20}