{"gold_per_floor":[162,237,257,10,27,59,59,59,86,100,100,115,115,115,115,192,192,207,132,148,148,198,198,40,75,128,128,148,128,158,169,169,246,246,261,281,281,57,57,57,82,94,117,60,70,95,95,120,120,120],"floor_reached":50,"playtime":3421,"items_purged":["Strike_B","Dualcast"],"score":1222,"play_id":"622199be-bd2a-47f0-8a35-b92d1267ebbb","local_time":"20210527153016","is_ascension_mode":true,"campfire_choices":[{"floor":8.0,"key":"REST"},{"data":"Reprogram","floor":11.0,"key":"SMITH"},{"data":"Sweeping Beam","floor":13.0,"key":"SMITH"},{"data":"Hologram","floor":15.0,"key":"SMITH"},{"data":"Hyperbeam","floor":23,"key":"SMITH"},{"data":"Ghostly","floor":27,"key":"SMITH"},{"data":"Hologram","floor":32,"key":"SMITH"},{"floor":40,"key":"REST"},{"floor":49,"key":"RECALL"}],"neow_cost":"NONE","seed_source_timestamp":563355746393700,"circlet_count":0,"master_deck":["AscendersBane","Strike_B","Defend_B","Defend_B","Defend_B+1","Defend_B","Genetic Algorithm","Sweeping Beam+1","Reprogram+1","Hologram+1","Gash","Hyperbeam+1","Rip and Tear","Gash","Ghostly+1","Ghostly","Ghostly","Hologram","Beam Cell","Hologram+1","Reinforced Body","Reinforced Body","Reboot","Rip and Tear","Reprogram+1","Rebound","Reinforced Body"],"special_seed":0,"relics":["Tiny House","Regal Pillow","Shuriken","StrikeDummy","Bronze Scales","Velvet Choker","Oddly Smooth Stone","Happy Flower","Blood Vial","Empty Cage","DollysMirror","Nunchaku","Dead Branch","Omamori"],"potions_floor_usage":[33,33,33,33,45,50],"damage_taken":[{"damage":0.0,"enemies":"Cultist","floor":1.0,"turns":3.0},{"damage":11.0,"enemies":"Jaw Worm","floor":3.0,"turns":3.0},{"damage":5.0,"enemies":"Small Slimes","floor":5.0,"turns":4.0},{"damage":41.0,"enemies":"Gremlin Nob","floor":6.0,"turns":5.0},{"damage":8.0,"enemies":"Exordium Wildlife","floor":10.0,"turns":6.0},{"damage":0.0,"enemies":"Looter","floor":12.0,"turns":5.0},{"damage":33.0,"enemies":"Slime Boss","floor":16.0,"turns":10.0},{"damage":22.0,"enemies":"2 Thieves","floor":18.0,"turns":3.0},{"damage":5.0,"enemies":"Shell Parasite","floor":20.0,"turns":4.0},{"damage":3,"enemies":"Gremlin Leader","floor":25,"turns":6},{"damage":3,"enemies":"Snake Plant","floor":28,"turns":4},{"damage":11,"enemies":"Book of Stabbing","floor":30,"turns":3},{"damage":0,"enemies":"Snecko","floor":31,"turns":5},{"damage":0,"enemies":"Collector","floor":33,"turns":12},{"damage":34,"enemies":"3 Darklings","floor":35,"turns":4},{"damage":0,"enemies":"Orb Walker","floor":36,"turns":5},{"damage":14,"enemies":"Nemesis","floor":41,"turns":13},{"damage":3,"enemies":"Jaw Worm Horde","floor":42,"turns":2},{"damage":0,"enemies":"3 Darklings","floor":45,"turns":3},{"damage":0,"enemies":"Mind Bloom Boss Battle","floor":46,"turns":9},{"damage":0,"enemies":"Reptomancer","floor":48,"turns":7},{"damage":31,"enemies":"Time Eater","floor":50,"turns":6}],"seed_played":"-4971673746009111942","potions_obtained":[{"floor":0.0,"key":"Fire Potion"},{"floor":1.0,"key":"Fire Potion"},{"floor":5.0,"key":"Ancient Potion"},{"floor":10.0,"key":"LiquidBronze"},{"floor":18.0,"key":"Dexterity Potion"},{"floor":25,"key":"EntropicBrew"},{"floor":29,"key":"Dexterity Potion"},{"floor":36,"key":"Fire Potion"},{"floor":41,"key":"EssenceOfSteel"},{"floor":45,"key":"Swift Potion"}],"is_trial":false,"path_per_floor":["M","?","M","$","M","E","T","R","T","M","R","M","R","?","R","B",null,"M","?","M","?","?","R","$","E","T","R","M","?","E","M","R","B",null,"M","M","?","$","?","R","E","M","T","$","M","?","?","E","R","B"],"character_chosen":"DEFECT","items_purchased":["Regal Pillow","Hologram","DollysMirror","Block Potion","Rebound"],"campfire_rested":2,"item_purchase_floors":[4,24,38,38,44],"current_hp_per_floor":[69,58,47,47,42,1,1,38,38,30,30,30,30,35,35,2,61,39,39,34,34,34,34,34,31,31,31,28,28,17,19,19,21,35,3,5,5,5,5,32,20,19,19,19,21,23,23,25,25,0],"gold":120,"neow_bonus":"BOSS_RELIC","is_prod":false,"is_daily":false,"chose_seed":false,"campfire_upgraded":6,"win_rate":0,"timestamp":1622154616,"path_taken":["M","?","M","$","M","E","?","R","T","M","R","M","R","?","R","BOSS","M","?","M","?","?","R","$","E","T","R","M","?","E","?","R","BOSS","M","M","?","$","?","R","E","?","T","$","M","?","?","E","R","BOSS"],"build_version":"2020-12-18","purchased_purges":2,"victory":false,"max_hp_per_floor":[76,76,76,76,76,76,76,76,76,76,76,76,76,81,81,81,81,81,81,81,40,40,40,40,40,40,40,40,40,40,40,40,40,40,40,40,40,40,40,40,40,40,40,40,40,40,40,40,40,40],"relic_stats":{"Blood Vial":20,"Regal Pillow":30,"Nunchaku":[4],"Happy Flower":[24],"counters":[22,122],"Shuriken":[25],"Bronze Scales":[388],"Dead Branch":[10],"obtain_stats":[{"Regal Pillow":4,"Tiny House":0,"Happy Flower":26,"Dead Branch":46,"Velvet Choker":17,"Oddly Smooth Stone":25,"Omamori":48,"Empty Cage":34,"Blood Vial":30,"Nunchaku":41,"Shuriken":6,"DollysMirror":38,"Bronze Scales":9,"Cracked Core":0,"StrikeDummy":7},{"Regal Pillow":2,"Tiny House":0,"Happy Flower":10,"Dead Branch":20,"Velvet Choker":7,"Oddly Smooth Stone":10,"Omamori":21,"Empty Cage":14,"Blood Vial":12,"Nunchaku":17,"Shuriken":4,"DollysMirror":16,"Bronze Scales":4,"Cracked Core":0,"StrikeDummy":4},{"Regal Pillow":6,"Tiny House":0,"Happy Flower":49,"Dead Branch":109,"Velvet Choker":36,"Oddly Smooth Stone":49,"Omamori":116,"Empty Cage":73,"Blood Vial":56,"Nunchaku":95,"Shuriken":15,"DollysMirror":82,"Bronze Scales":15,"Cracked Core":0,"StrikeDummy":15}]},"card_choices":[{"not_picked":["Melter","Streamline"],"picked":"Genetic Algorithm","floor":0.0},{"not_picked":["Aggregate","Go for the Eyes"],"picked":"Sweeping Beam","floor":1.0},{"not_picked":["Auto Shields","Recycle"],"picked":"Coolheaded","floor":3.0},{"not_picked":["Leap","Scrape","BootSequence"],"picked":"SKIP","floor":5.0},{"not_picked":["Leap","Heatsinks"],"picked":"Reprogram","floor":6.0},{"not_picked":["Rebound","Steam"],"picked":"Hologram","floor":10.0},{"not_picked":["Chill","Fission"],"picked":"Gash","floor":12.0},{"not_picked":["Electrodynamics","Meteor Strike"],"picked":"Hyperbeam","floor":16.0},{"not_picked":["Gash","Self Repair"],"picked":"Rip and Tear","floor":18.0},{"not_picked":["Compile Driver","Leap"],"picked":"Gash","floor":20.0},{"not_picked":["Hologram","Recycle"],"picked":"Beam Cell","floor":25},{"not_picked":["Barrage","Turbo+1"],"picked":"Hologram","floor":28},{"not_picked":["Hologram","Streamline"],"picked":"Reinforced Body","floor":30},{"not_picked":["Coolheaded","Turbo"],"picked":"Reinforced Body","floor":31},{"not_picked":["Core Surge","Machine Learning"],"picked":"Reboot","floor":33},{"not_picked":["Turbo+1","Auto Shields","BootSequence"],"picked":"SKIP","floor":35},{"not_picked":["Sweeping Beam","Melter"],"picked":"Rip and Tear","floor":36},{"not_picked":["Barrage","Creative AI","Cold Snap"],"picked":"SKIP","floor":41},{"not_picked":["Darkness","Stack","Leap"],"picked":"SKIP","floor":42},{"not_picked":["Doom and Gloom+1","Defragment","Leap"],"picked":"SKIP","floor":45},{"not_picked":["Hologram","Sunder"],"picked":"Reinforced Body","floor":46},{"not_picked":["Chaos","Compile Driver","Coolheaded"],"picked":"SKIP","floor":48}],"player_experience":3819497,"relics_obtained":[{"floor":6.0,"key":"Shuriken"},{"floor":7.0,"key":"StrikeDummy"},{"floor":9.0,"key":"Bronze Scales"},{"floor":25,"key":"Oddly Smooth Stone"},{"floor":26,"key":"Happy Flower"},{"floor":30,"key":"Blood Vial"},{"floor":41,"key":"Nunchaku"},{"floor":46,"key":"Dead Branch"},{"floor":48,"key":"Omamori"}],"event_choices":[{"damage_healed":0.0,"max_hp_gain":0.0,"max_hp_loss":0.0,"gold_gain":75.0,"event_name":"World of Goop","player_choice":"Gather Gold","floor":2.0,"gold_loss":0.0,"damage_taken":11.0},{"damage_healed":0.0,"max_hp_gain":5.0,"max_hp_loss":0.0,"gold_gain":0.0,"event_name":"Big Fish","player_choice":"Donut","floor":14.0,"gold_loss":0.0,"damage_taken":0.0},{"cards_removed":["Zap"],"damage_healed":0.0,"max_hp_gain":0.0,"max_hp_loss":0.0,"gold_gain":0.0,"event_name":"Beggar","player_choice":"Gave Gold","floor":19.0,"gold_loss":75.0,"damage_taken":0.0},{"damage_healed":0.0,"max_hp_gain":0.0,"max_hp_loss":41.0,"gold_gain":0.0,"event_name":"Ghosts","player_choice":"Became a Ghost","floor":21.0,"gold_loss":0.0,"damage_taken":0.0,"cards_obtained":["Ghostly","Ghostly","Ghostly"]},{"damage_healed":0.0,"max_hp_gain":0.0,"max_hp_loss":0.0,"gold_gain":50.0,"event_name":"Nest","player_choice":"Stole From Cult","floor":22.0,"gold_loss":0.0,"damage_taken":0.0},{"damage_healed":0,"gold_gain":0,"player_choice":"Bought 1 Potion","damage_taken":0,"max_hp_gain":0,"max_hp_loss":0,"event_name":"The Woman in Blue","floor":29,"gold_loss":0},{"damage_healed":0,"gold_gain":0,"player_choice":"Memory 1","damage_taken":0,"max_hp_gain":0,"max_hp_loss":0,"event_name":"SensoryStone","floor":37,"gold_loss":0},{"cards_removed":["Strike_B"],"damage_healed":0,"gold_gain":0,"player_choice":"Purged","damage_taken":0,"max_hp_gain":0,"max_hp_loss":0,"event_name":"Purifier","floor":39,"gold_loss":0},{"damage_healed":0,"gold_gain":0,"player_choice":"Fight","damage_taken":0,"max_hp_gain":0,"max_hp_loss":0,"event_name":"MindBloom","floor":46,"gold_loss":0},{"damage_healed":0,"gold_gain":0,"player_choice":"0 cards matched","damage_taken":0,"max_hp_gain":0,"max_hp_loss":0,"event_name":"Match and Keep!","floor":47,"gold_loss":0,"cards_obtained":[]}],"is_beta":true,"boss_relics":[{"not_picked":["Busted Crown","Runic Pyramid"],"picked":"Velvet Choker"},{"not_picked":["SlaversCollar","Inserter"],"picked":"Empty Cage"}],"items_purged_floors":[4,24],"is_endless":false,"potions_floor_spawned":[1,5,10,18,25,31,36,41,45],"killed_by":"Time Eater","ascension_level":20}