{"gold_per_floor":[116,132,142,11,11,50,64,102,125,125,158,170,200,231,243,350,362,393,423,460,145,170,170,170],"floor_reached":24,"playtime":1335,"items_purged":["Strike_B"],"score":440,"play_id":"31b4ceb7-82f5-4e86-9d63-28226180a486","local_time":"20210529001336","is_ascension_mode":true,"campfire_choices":[{"floor":12.0,"key":"REST"},{"floor":15.0,"key":"REST"},{"data":"Go for the Eyes","floor":23,"key":"SMITH"}],"neow_cost":"NONE","seed_source_timestamp":683224540634200,"circlet_count":0,"master_deck":["AscendersBane","Defend_B","Defend_B","Defend_B","Defend_B","Zap","Dualcast","Sweeping Beam","Lockon","Ball Lightning+1","Barrage+1","Undo","Glacier","Ball Lightning","Sweeping Beam","Genetic Algorithm","Biased Cognition","Self Repair+1","Echo Form+1","Turbo+1","Barrage+1","Go for the Eyes+1","Ball Lightning+1"],"special_seed":0,"relics":["Cracked Core","Lantern","Golden Idol","Bag of Marbles","Dream Catcher","PreservedInsect","MawBank","Astrolabe","Runic Capacitor","Anchor"],"potions_floor_usage":[22],"damage_taken":[{"damage":1.0,"enemies":"Cultist","floor":1.0,"turns":3.0},{"damage":2.0,"enemies":"2 Louse","floor":2.0,"turns":2.0},{"damage":1.0,"enemies":"Small Slimes","floor":3.0,"turns":3.0},{"damage":8.0,"enemies":"Gremlin Nob","floor":6.0,"turns":3.0},{"damage":7.0,"enemies":"Exordium Thugs","floor":7.0,"turns":4.0},{"damage":10.0,"enemies":"3 Sentries","floor":8.0,"turns":4.0},{"damage":15.0,"enemies":"Lagavulin","floor":11.0,"turns":5.0},{"damage":2.0,"enemies":"Gremlin Gang","floor":13.0,"turns":3.0},{"damage":0.0,"enemies":"Red Slaver","floor":14.0,"turns":4.0},{"damage":18.0,"enemies":"Slime Boss","floor":16.0,"turns":6.0},{"damage":11.0,"enemies":"Chosen","floor":18.0,"turns":5.0},{"damage":11.0,"enemies":"3 Byrds","floor":19.0,"turns":4.0},{"damage":13.0,"enemies":"Shelled Parasite and Fungi","floor":20.0,"turns":4.0},{"damage":0,"enemies":"Centurion and Healer","floor":22,"turns":6},{"damage":66,"enemies":"Slavers","floor":24,"turns":4}],"seed_played":"-2399289483211860217","potions_obtained":[{"floor":3.0,"key":"LiquidMemories"},{"floor":6.0,"key":"Explosive Potion"},{"floor":7.0,"key":"BlessingOfTheForge"},{"floor":16.0,"key":"Explosive Potion"},{"floor":19.0,"key":"SpeedPotion"}],"is_trial":false,"path_per_floor":["M","M","M","$","?","E","M","E","T","?","E","R","M","M","R","B",null,"M","M","M","$","M","R","E"],"character_chosen":"DEFECT","items_purchased":["AttackPotion","Runic Capacitor","Anchor"],"campfire_rested":2,"item_purchase_floors":[4,21,21],"current_hp_per_floor":[63,61,60,60,60,52,45,35,35,16,1,20,18,18,37,19,53,52,51,48,48,64,64,0],"gold":170,"neow_bonus":"RANDOM_COMMON_RELIC","is_prod":false,"is_daily":false,"chose_seed":false,"campfire_upgraded":1,"win_rate":0,"timestamp":1622272416,"path_taken":["M","?","?","$","?","E","M","E","T","?","E","R","M","?","R","BOSS","M","?","M","?","?","R","E"],"build_version":"2020-12-18","purchased_purges":1,"victory":false,"max_hp_per_floor":[71,71,71,71,64,64,64,64,64,64,64,64,64,64,64,64,64,64,64,64,64,64,64,64],"relic_stats":{"Dream Catcher":2,"counters":[15,60],"Golden Idol":71,"Astrolabe":["Self Repair","Echo Form","Turbo"],"PreservedInsect":69,"MawBank":120,"obtain_stats":[{"Lantern":0,"Dream Catcher":8,"Anchor":21,"Golden Idol":5,"Astrolabe":17,"PreservedInsect":9,"Bag of Marbles":6,"Runic Capacitor":21,"Cracked Core":0,"MawBank":11},{"Lantern":0,"Dream Catcher":6,"Anchor":13,"Golden Idol":3,"Astrolabe":10,"PreservedInsect":6,"Bag of Marbles":4,"Runic Capacitor":13,"Cracked Core":0,"MawBank":7},{"Lantern":0,"Dream Catcher":19,"Anchor":50,"Golden Idol":8,"Astrolabe":37,"PreservedInsect":19,"Bag of Marbles":11,"Runic Capacitor":50,"Cracked Core":0,"MawBank":24}]},"card_choices":[{"not_picked":["Go for the Eyes","Rebound","Scrape"],"picked":"SKIP","floor":1.0},{"not_picked":["Blizzard","Streamline"],"picked":"Sweeping Beam","floor":2.0},{"not_picked":["Barrage","Redo"],"picked":"Lockon","floor":3.0},{"not_picked":["Leap","Chill"],"picked":"Ball Lightning","floor":6.0},{"not_picked":["BootSequence","Gash"],"picked":"Barrage","floor":7.0},{"not_picked":["White Noise","Skim"],"picked":"Undo","floor":8.0},{"not_picked":["Double Energy","Turbo"],"picked":"Glacier","floor":11.0},{"not_picked":["Glacier","Auto Shields"],"picked":"Ball Lightning","floor":12.0},{"not_picked":["Beam Cell","White Noise","Creative AI"],"picked":"SKIP","floor":13.0},{"not_picked":["Rebound","Chaos"],"picked":"Sweeping Beam","floor":14.0},{"not_picked":["Scrape","Beam Cell"],"picked":"Genetic Algorithm","floor":15.0},{"not_picked":["Core Surge","Meteor Strike"],"picked":"Biased Cognition","floor":16.0},{"not_picked":["Gash","Melter"],"picked":"Barrage+1","floor":18.0},{"not_picked":["Recycle","Heatsinks"],"picked":"Go for the Eyes","floor":19.0},{"not_picked":["Steam","Gash","Turbo"],"picked":"SKIP","floor":20.0},{"not_picked":["Go for the Eyes","Barrage"],"picked":"Ball Lightning+1","floor":22}],"player_experience":3861820,"relics_obtained":[{"floor":6.0,"key":"Bag of Marbles"},{"floor":8.0,"key":"Dream Catcher"},{"floor":9.0,"key":"PreservedInsect"},{"floor":11.0,"key":"MawBank"}],"event_choices":[{"damage_healed":0.0,"max_hp_gain":0.0,"max_hp_loss":7.0,"gold_gain":0.0,"event_name":"Golden Idol","player_choice":"Lose Max HP","floor":5.0,"gold_loss":0.0,"damage_taken":0.0,"relics_obtained":["Golden Idol"]},{"damage_healed":0.0,"max_hp_gain":0.0,"max_hp_loss":0.0,"gold_gain":0.0,"event_name":"Shining Light","player_choice":"Entered Light","floor":10.0,"gold_loss":0.0,"damage_taken":19.0,"cards_upgraded":["Barrage","Ball Lightning"]}],"is_beta":true,"boss_relics":[{"not_picked":["Philosopher\u0027s Stone","Calling Bell"],"picked":"Astrolabe"}],"items_purged_floors":[4],"is_endless":false,"potions_floor_spawned":[3,6,7,16,19],"killed_by":"Slavers","ascension_level":20}