{"gold_per_floor":[217,227,227,239,239,239,249,11,35,53,53,82,100,135,135,213,213,229,241,241,252,269,269,295,295,295,324,338,203,214,239,239,318,318,330,343,31,31],"floor_reached":38,"playtime":2183,"items_purged":["Strike_B","Strike_B","Strike_B"],"score":896,"play_id":"adfddfb4-4762-4020-a0a0-c29c6e683f84","local_time":"20210531001947","is_ascension_mode":true,"campfire_choices":[{"data":"Static Discharge","floor":6,"key":"SMITH"},{"floor":11,"key":"REST"},{"floor":15,"key":"REST"},{"floor":23,"key":"REST"},{"floor":25,"key":"REST"},{"floor":32,"key":"REST"}],"neow_cost":"NONE","seed_source_timestamp":855597075840900,"circlet_count":0,"master_deck":["AscendersBane","Defend_B","Defend_B","Defend_B","Defend_B","Zap","Dualcast","Beam Cell+1","Genetic Algorithm","Static Discharge+1","Barrage","Lockon","Conserve Battery","Sweeping Beam","Sweeping Beam","Cold Snap","Thunder Strike","Ball Lightning","Leap","Echo Form","Defragment","Defragment+1","Compile Driver","Storm","Defragment","Thunder Strike","Conserve Battery+1","Ball Lightning","Capacitor"],"relics":["Cracked Core","Membership Card","Bag of Marbles","Toy Ornithopter","Snecko Eye","Nloth\u0027s Gift","Ice Cream","Meat on the Bone","Nunchaku","Centennial Puzzle","SlaversCollar","Pear","Toolbox"],"potions_floor_usage":[12,14,16,24,24,28,31],"damage_taken":[{"damage":0,"enemies":"2 Louse","floor":1,"turns":3},{"damage":1,"enemies":"Cultist","floor":2,"turns":3},{"damage":11,"enemies":"Jaw Worm","floor":4,"turns":3},{"damage":11,"enemies":"2 Fungi Beasts","floor":7,"turns":3},{"damage":20,"enemies":"Gremlin Gang","floor":10,"turns":3},{"damage":9,"enemies":"3 Sentries","floor":12,"turns":4},{"damage":15,"enemies":"Exordium Thugs","floor":13,"turns":3},{"damage":17,"enemies":"Lagavulin","floor":14,"turns":5},{"damage":15,"enemies":"Hexaghost","floor":16,"turns":7},{"damage":20,"enemies":"Shell Parasite","floor":18,"turns":5},{"damage":6,"enemies":"Spheric Guardian","floor":19,"turns":3},{"damage":16,"enemies":"Centurion and Healer","floor":21,"turns":5},{"damage":15,"enemies":"Cultist and Chosen","floor":22,"turns":4},{"damage":13,"enemies":"Slavers","floor":24,"turns":4},{"damage":24,"enemies":"Book of Stabbing","floor":27,"turns":4},{"damage":5,"enemies":"Chosen and Byrds","floor":28,"turns":5},{"damage":26,"enemies":"Snake Plant","floor":30,"turns":5},{"damage":14,"enemies":"Gremlin Leader","floor":31,"turns":6},{"damage":21,"enemies":"Champ","floor":33,"turns":7},{"damage":33,"enemies":"3 Darklings","floor":35,"turns":5},{"damage":24,"enemies":"3 Shapes","floor":36,"turns":3},{"damage":43,"enemies":"3 Darklings","floor":38,"turns":4}],"seed_played":"-2306218236481933611","potions_obtained":[{"floor":7,"key":"Dexterity Potion"},{"floor":10,"key":"EssenceOfSteel"},{"floor":12,"key":"Strength Potion"},{"floor":14,"key":"PowerPotion"},{"floor":16,"key":"LiquidBronze"},{"floor":18,"key":"Fire Potion"},{"floor":21,"key":"FocusPotion"},{"floor":24,"key":"EssenceOfSteel"},{"floor":27,"key":"Strength Potion"},{"floor":28,"key":"LiquidBronze"},{"floor":36,"key":"SteroidPotion"}],"is_trial":false,"path_per_floor":["M","M","?","M","?","R","M","$","T","M","R","E","M","E","R","B",null,"M","M","?","M","M","R","E","R","T","E","M","$","M","E","R","B",null,"M","M","$","M"],"character_chosen":"DEFECT","items_purchased":["Membership Card","Lockon","Storm","DuplicationPotion","Pear","Toolbox","Capacitor"],"campfire_rested":5,"item_purchase_floors":[8,8,29,29,37,37,37],"current_hp_per_floor":[64,63,63,52,52,52,41,41,41,21,42,33,18,6,27,17,58,38,32,32,16,1,22,19,40,40,28,40,40,26,29,50,41,64,43,31,41,0],"gold":31,"neow_bonus":"HUNDRED_GOLD","is_prod":false,"is_daily":false,"chose_seed":false,"campfire_upgraded":1,"win_rate":0,"timestamp":1622445587,"path_taken":["M","M","?","?","?","R","M","$","T","M","R","E","M","E","R","BOSS","M","M","?","M","?","R","E","R","T","E","M","$","M","E","R","BOSS","M","M","$","M"],"build_version":"2020-12-18","purchased_purges":3,"victory":false,"max_hp_per_floor":[71,71,71,71,71,71,71,71,71,71,71,71,71,71,71,71,71,71,71,71,71,71,71,71,71,71,71,71,71,71,71,71,71,71,71,71,81,81],"relic_stats":{"Nunchaku":[6],"Centennial Puzzle":[12],"counters":[22,94],"Snecko Eye":[116,126,93,96],"Nloth\u0027s Gift":2,"obtain_stats":[{"Ice Cream":24,"Pear":37,"Letter Opener":14,"SlaversCollar":34,"Nunchaku":27,"Centennial Puzzle":31,"Snecko Eye":17,"Toolbox":37,"Bag of Marbles":9,"Nloth\u0027s Gift":20,"Membership Card":8,"Cracked Core":0,"Toy Ornithopter":12,"Meat on the Bone":26},{"Ice Cream":14,"Pear":21,"Letter Opener":8,"SlaversCollar":19,"Nunchaku":15,"Centennial Puzzle":18,"Snecko Eye":9,"Toolbox":21,"Bag of Marbles":4,"Nloth\u0027s Gift":11,"Membership Card":4,"Cracked Core":0,"Toy Ornithopter":6,"Meat on the Bone":14},{"Ice Cream":55,"Pear":90,"Letter Opener":27,"SlaversCollar":82,"Nunchaku":59,"Centennial Puzzle":75,"Snecko Eye":34,"Toolbox":90,"Bag of Marbles":12,"Nloth\u0027s Gift":42,"Membership Card":12,"Cracked Core":0,"Toy Ornithopter":19,"Meat on the Bone":55}],"Toy Ornithopter":30,"Meat on the Bone":84},"card_choices":[{"not_picked":["Redo","Hologram"],"picked":"Beam Cell","floor":1},{"not_picked":["BootSequence","Self Repair"],"picked":"Genetic Algorithm","floor":2},{"not_picked":["Go for the Eyes","Skim"],"picked":"Static Discharge","floor":4},{"not_picked":["Leap","Streamline"],"picked":"Barrage","floor":7},{"not_picked":["Steam","Force Field"],"picked":"Conserve Battery","floor":10},{"not_picked":["Auto Shields","Stack"],"picked":"Sweeping Beam","floor":12},{"not_picked":["Leap","Rip and Tear"],"picked":"Sweeping Beam","floor":13},{"not_picked":["Stack","Self Repair"],"picked":"Cold Snap","floor":14},{"not_picked":["Machine Learning","Buffer"],"picked":"Thunder Strike","floor":16},{"not_picked":["Redo","Stack"],"picked":"Ball Lightning","floor":18},{"not_picked":["Ball Lightning","Streamline"],"picked":"Leap","floor":19},{"not_picked":["Conserve Battery","Gash","Compile Driver"],"picked":"SKIP","floor":21},{"not_picked":["Genetic Algorithm","Double Energy+1"],"picked":"Echo Form","floor":22},{"not_picked":["Genetic Algorithm","Storm"],"picked":"Defragment","floor":24},{"not_picked":["All For One","Storm"],"picked":"Defragment+1","floor":27},{"not_picked":["Aggregate","Go for the Eyes"],"picked":"Compile Driver","floor":28},{"not_picked":["Hologram","Streamline","Gash"],"picked":"SKIP","floor":30},{"not_picked":["Seek","Self Repair"],"picked":"Defragment","floor":31},{"not_picked":["Echo Form","Reboot"],"picked":"Thunder Strike","floor":33},{"not_picked":["Beam Cell+1","Leap"],"picked":"Conserve Battery+1","floor":35},{"not_picked":["Go for the Eyes+1","Undo+1"],"picked":"Ball Lightning","floor":36}],"player_experience":3924001,"relics_obtained":[{"floor":9,"key":"Bag of Marbles"},{"floor":12,"key":"Toy Ornithopter"},{"floor":14,"key":"Letter Opener"},{"floor":24,"key":"Ice Cream"},{"floor":26,"key":"Meat on the Bone"},{"floor":27,"key":"Nunchaku"},{"floor":31,"key":"Centennial Puzzle"}],"event_choices":[{"cards_removed":["Strike_B"],"damage_healed":0,"gold_gain":0,"player_choice":"Purged","damage_taken":0,"max_hp_gain":0,"max_hp_loss":0,"event_name":"Purifier","floor":3,"gold_loss":0},{"damage_healed":0,"gold_gain":0,"player_choice":"Grow","damage_taken":0,"max_hp_gain":0,"max_hp_loss":0,"event_name":"Living Wall","floor":5,"gold_loss":0,"cards_upgraded":["Beam Cell"]},{"damage_healed":0,"gold_gain":0,"player_choice":"Traded Relic","damage_taken":0,"relics_obtained":["Nloth\u0027s Gift"],"max_hp_gain":0,"max_hp_loss":0,"event_name":"N\u0027loth","floor":20,"relics_lost":["Letter Opener"],"gold_loss":0}],"is_beta":true,"boss_relics":[{"not_picked":["Busted Crown","Fusion Hammer"],"picked":"Snecko Eye"},{"not_picked":["Coffee Dripper","Nuclear Battery"],"picked":"SlaversCollar"}],"items_purged_floors":[8,29,37],"is_endless":false,"potions_floor_spawned":[7,10,12,14,16,18,21,24,27,28,36],"killed_by":"3 Darklings","ascension_level":20}