{"gold_per_floor":[118,118,137,137,161,192,192,233,258,273,548,548,568,568,568,662,662,686,215,238,254,304,304,335,71,144,185,224,268,268,284,284,377,377,393,726,261,286,286,315,333,368,368,368,368],"floor_reached":45,"playtime":3984,"items_purged":["Strike_B","Strike_B","Strike_B"],"score":1199,"play_id":"07199a00-69ce-41a7-85b4-46f5071f9b16","local_time":"20210527232030","is_ascension_mode":true,"campfire_choices":[{"floor":7,"key":"REST"},{"data":"Barrage","floor":12,"key":"SMITH"},{"floor":15,"key":"REST"},{"floor":23,"key":"REST"},{"floor":30,"key":"REST"},{"data":"Go for the Eyes","floor":32,"key":"SMITH"}],"neow_cost":"NONE","seed_source_timestamp":591041081007100,"circlet_count":0,"master_deck":["AscendersBane","Strike_B+1","Defend_B","Defend_B","Defend_B","Defend_B","Zap","Dualcast","Ball Lightning+1","Compile Driver","Sweeping Beam","Steam","Barrage+1","Genetic Algorithm","Cold Snap","Loop+1","Hyperbeam","Echo Form+1","Recycle+1","Go for the Eyes+1","White Noise","Beam Cell+1","Reinforced Body","Creative AI+1","Genetic Algorithm","Aggregate+1","Pain","Defragment+1","Compile Driver+1","White Noise","Conserve Battery"],"relics":["Cracked Core","Dream Catcher","Pen Nib","Boot","Matryoshka","Whetstone","Omamori","Symbiotic Virus","Frozen Egg 2","Calling Bell","Orichalcum","Shuriken","Lizard Tail","Meat on the Bone","InkBottle","Toolbox","Cables","Question Card","Red Mask","Mummified Hand","Nuclear Battery","Bird Faced Urn","Prayer Wheel","WarpedTongs","Molten Egg 2","Regal Pillow"],"potions_floor_usage":[8,8,18,21,29,29,40,45],"damage_taken":[{"damage":10,"enemies":"2 Louse","floor":1,"turns":4},{"damage":0,"enemies":"Small Slimes","floor":3,"turns":4},{"damage":1,"enemies":"Cultist","floor":5,"turns":3},{"damage":39,"enemies":"Gremlin Nob","floor":6,"turns":4},{"damage":14,"enemies":"3 Sentries","floor":8,"turns":5},{"damage":5,"enemies":"Exordium Wildlife","floor":10,"turns":3},{"damage":19,"enemies":"Gremlin Gang","floor":13,"turns":3},{"damage":19,"enemies":"The Guardian","floor":16,"turns":13},{"damage":12,"enemies":"Shell Parasite","floor":18,"turns":4},{"damage":3,"enemies":"Spheric Guardian","floor":20,"turns":4},{"damage":18,"enemies":"Snake Plant","floor":21,"turns":4},{"damage":24,"enemies":"Gremlin Leader","floor":24,"turns":5},{"damage":32,"enemies":"Slavers","floor":27,"turns":4},{"damage":20,"enemies":"Masked Bandits","floor":28,"turns":5},{"damage":9,"enemies":"Book of Stabbing","floor":29,"turns":5},{"damage":0,"enemies":"Snecko","floor":31,"turns":4},{"damage":19,"enemies":"Champ","floor":33,"turns":11},{"damage":4,"enemies":"3 Shapes","floor":35,"turns":3},{"damage":0,"enemies":"Mind Bloom Boss Battle","floor":38,"turns":7},{"damage":38,"enemies":"Giant Head","floor":40,"turns":7},{"damage":11,"enemies":"3 Darklings","floor":41,"turns":6},{"damage":62,"enemies":"Nemesis","floor":42,"turns":7},{"damage":50,"enemies":"2 Orb Walkers","floor":45,"turns":3}],"seed_played":"-9115525402977249556","potions_obtained":[{"floor":3,"key":"Regen Potion"},{"floor":6,"key":"SpeedPotion"},{"floor":13,"key":"Block Potion"},{"floor":20,"key":"FocusPotion"},{"floor":24,"key":"BlessingOfTheForge"},{"floor":31,"key":"BlessingOfTheForge"},{"floor":33,"key":"GamblersBrew"},{"floor":35,"key":"Regen Potion"}],"is_trial":false,"path_per_floor":["M","?","M","?","M","E","R","E","T","M","?","R","M","T","R","B",null,"M","$","M","M","?","R","E","$","T","E","?","E","R","M","R","B",null,"M","?","$","?","?","E","M","E","T","?","?"],"character_chosen":"DEFECT","items_purchased":["Meat on the Bone","AttackPotion","PowerPotion","Toolbox","Bird Faced Urn"],"campfire_rested":4,"item_purchase_floors":[19,19,19,25,37],"current_hp_per_floor":[54,49,49,49,48,9,28,28,28,23,23,23,4,4,23,4,49,37,37,34,28,28,47,35,35,35,15,40,43,62,62,62,43,59,55,55,55,64,64,44,64,26,26,26,0],"gold":368,"neow_bonus":"RANDOM_COMMON_RELIC","is_prod":false,"is_daily":false,"chose_seed":false,"campfire_upgraded":2,"win_rate":0,"timestamp":1622182830,"path_taken":["M","?","M","?","M","E","R","E","T","M","?","R","?","?","R","BOSS","M","$","?","M","?","R","E","$","T","E","?","E","R","M","R","BOSS","M","?","$","?","?","E","?","E","T","?","?"],"build_version":"2020-12-18","purchased_purges":3,"victory":false,"max_hp_per_floor":[71,71,71,64,64,64,64,64,64,64,64,64,64,64,64,64,64,64,64,64,64,64,64,64,64,64,64,64,64,64,64,64,64,64,64,64,64,64,64,64,64,64,64,61,61],"relic_stats":{"Regal Pillow":0,"counters":[23,118],"Pen Nib":[17],"Whetstone":["Ball Lightning","Strike_B"],"Orichalcum":[126],"Boot":[48],"Question Card":11,"Cables":[53,17,4,19,13],"WarpedTongs":[23],"Dream Catcher":4,"Lizard Tail":32,"Shuriken":[18],"Mummified Hand":[114],"Bird Faced Urn":[78],"Prayer Wheel":1,"obtain_stats":[{"Regal Pillow":42,"Whetstone":9,"Boot":6,"Dream Catcher":0,"Lizard Tail":17,"Matryoshka":8,"Mummified Hand":29,"Toolbox":25,"Prayer Wheel":38,"Red Mask":28,"Cracked Core":0,"InkBottle":24,"Golden Idol":4,"Pen Nib":2,"Omamori":9,"Frozen Egg 2":14,"Orichalcum":17,"Question Card":27,"Cables":26,"Nuclear Battery":34,"WarpedTongs":39,"Calling Bell":17,"Shuriken":17,"Bird Faced Urn":37,"Molten Egg 2":40,"Symbiotic Virus":14,"Meat on the Bone":19},{"Regal Pillow":22,"Whetstone":5,"Boot":4,"Dream Catcher":0,"Lizard Tail":8,"Matryoshka":5,"Mummified Hand":15,"Toolbox":12,"Prayer Wheel":19,"Red Mask":14,"Cracked Core":0,"InkBottle":12,"Golden Idol":2,"Pen Nib":1,"Omamori":5,"Frozen Egg 2":7,"Orichalcum":8,"Question Card":13,"Cables":12,"Nuclear Battery":17,"WarpedTongs":19,"Calling Bell":8,"Shuriken":8,"Bird Faced Urn":18,"Molten Egg 2":20,"Symbiotic Virus":7,"Meat on the Bone":9},{"Regal Pillow":115,"Whetstone":20,"Boot":15,"Dream Catcher":0,"Lizard Tail":39,"Matryoshka":20,"Mummified Hand":70,"Toolbox":56,"Prayer Wheel":95,"Red Mask":65,"Cracked Core":0,"InkBottle":56,"Golden Idol":8,"Pen Nib":4,"Omamori":20,"Frozen Egg 2":26,"Orichalcum":39,"Question Card":60,"Cables":56,"Nuclear Battery":85,"WarpedTongs":95,"Calling Bell":39,"Shuriken":39,"Bird Faced Urn":88,"Molten Egg 2":102,"Symbiotic Virus":26,"Meat on the Bone":43}],"InkBottle":[30],"Meat on the Bone":72},"card_choices":[{"not_picked":["Conserve Battery","Steam"],"picked":"Ball Lightning","floor":1},{"not_picked":["Stack","Conserve Battery"],"picked":"Compile Driver","floor":3},{"not_picked":["Hologram","Compile Driver"],"picked":"Sweeping Beam","floor":5},{"not_picked":["Rebound","Double Energy"],"picked":"Steam","floor":6},{"not_picked":["Lockon","Go for the Eyes"],"picked":"Barrage","floor":7},{"not_picked":["BootSequence","Skim"],"picked":"Genetic Algorithm","floor":8},{"not_picked":["BootSequence","Aggregate","Steam Power"],"picked":"SKIP","floor":10},{"not_picked":["Reboot","Auto Shields"],"picked":"Cold Snap","floor":13},{"not_picked":["Cold Snap","Consume"],"picked":"Loop+1","floor":15},{"not_picked":["Amplify","Seek"],"picked":"Hyperbeam","floor":16},{"not_picked":["Steam+1","Stack"],"picked":"Echo Form+1","floor":18},{"not_picked":["Stack","Force Field","Melter"],"picked":"SKIP","floor":20},{"not_picked":["Stack","Gash"],"picked":"Recycle+1","floor":21},{"not_picked":["Ball Lightning","Sweeping Beam"],"picked":"Go for the Eyes","floor":24},{"not_picked":["Turbo","BootSequence","Double Energy"],"picked":"SKIP","floor":27},{"not_picked":["Barrage","All For One","Skim"],"picked":"White Noise","floor":28},{"not_picked":["Streamline","Hologram","Sweeping Beam"],"picked":"Beam Cell+1","floor":29},{"not_picked":["Darkness","Static Discharge+1","Stack"],"picked":"Reinforced Body","floor":30},{"not_picked":["Chaos","Double Energy","Steam","Go for the Eyes"],"picked":"SKIP","floor":31},{"not_picked":["Meteor Strike","Echo Form+1","Seek"],"picked":"Creative AI+1","floor":33},{"not_picked":["Ball Lightning","Leap","Sunder+1"],"picked":"Genetic Algorithm","floor":35},{"not_picked":["Rebound","Darkness","Conserve Battery"],"picked":"Aggregate+1","floor":38},{"not_picked":["Steam Power","Go for the Eyes+1","Beam Cell+1"],"picked":"Defragment+1","floor":40},{"not_picked":["Chill","Darkness","Stack"],"picked":"Compile Driver+1","floor":41},{"not_picked":["Consume+1","Leap","Double Energy+1"],"picked":"White Noise","floor":41},{"not_picked":["Thunder Strike+1","Sunder+1","Sweeping Beam+1"],"picked":"Conserve Battery","floor":42}],"player_experience":3834148,"relics_obtained":[{"floor":6,"key":"Boot"},{"floor":8,"key":"Matryoshka"},{"floor":9,"key":"Whetstone"},{"floor":9,"key":"Omamori"},{"floor":14,"key":"Symbiotic Virus"},{"floor":14,"key":"Frozen Egg 2"},{"floor":17,"key":"Orichalcum"},{"floor":17,"key":"Shuriken"},{"floor":17,"key":"Lizard Tail"},{"floor":24,"key":"InkBottle"},{"floor":26,"key":"Cables"},{"floor":27,"key":"Question Card"},{"floor":28,"key":"Red Mask"},{"floor":29,"key":"Mummified Hand"},{"floor":38,"key":"Prayer Wheel"},{"floor":40,"key":"Molten Egg 2"},{"floor":42,"key":"Regal Pillow"}],"event_choices":[{"damage_healed":0,"gold_gain":0,"player_choice":"Success","damage_taken":5,"relics_obtained":["Pen Nib"],"max_hp_gain":0,"max_hp_loss":0,"event_name":"Scrap Ooze","floor":2,"gold_loss":0},{"damage_healed":0,"gold_gain":0,"player_choice":"Lose Max HP","damage_taken":0,"relics_obtained":["Golden Idol"],"max_hp_gain":0,"max_hp_loss":7,"event_name":"Golden Idol","floor":4,"gold_loss":0},{"damage_healed":0,"gold_gain":275,"player_choice":"Desecrate","damage_taken":0,"max_hp_gain":0,"max_hp_loss":0,"event_name":"Golden Shrine","floor":11,"gold_loss":0,"cards_obtained":["Regret"]},{"damage_healed":0,"gold_gain":50,"player_choice":"Stole From Cult","damage_taken":0,"max_hp_gain":0,"max_hp_loss":0,"event_name":"Nest","floor":22,"gold_loss":0},{"damage_healed":0,"gold_gain":0,"player_choice":"Fought Bandits","damage_taken":0,"max_hp_gain":0,"max_hp_loss":0,"event_name":"Masked Bandits","floor":28,"gold_loss":0},{"damage_healed":0,"gold_gain":333,"player_choice":"Gave Idol","damage_taken":0,"max_hp_gain":0,"max_hp_loss":0,"event_name":"The Moai Head","floor":36,"relics_lost":["Golden Idol"],"gold_loss":0},{"damage_healed":0,"gold_gain":0,"player_choice":"Fight","damage_taken":0,"max_hp_gain":0,"max_hp_loss":0,"event_name":"MindBloom","floor":38,"gold_loss":0},{"damage_healed":0,"gold_gain":0,"player_choice":"Rummage","damage_taken":0,"relics_obtained":["WarpedTongs"],"max_hp_gain":0,"max_hp_loss":0,"event_name":"Accursed Blacksmith","floor":39,"gold_loss":0,"cards_obtained":["Pain"]},{"damage_healed":0,"gold_gain":0,"player_choice":"Max HP","damage_taken":0,"max_hp_gain":0,"max_hp_loss":3,"event_name":"Winding Halls","floor":44,"gold_loss":0},{"damage_healed":0,"gold_gain":0,"player_choice":"Fight","damage_taken":0,"max_hp_gain":0,"max_hp_loss":0,"event_name":"Mysterious Sphere","floor":45,"gold_loss":0}],"is_beta":true,"boss_relics":[{"not_picked":["Cursed Key","Runic Dome"],"picked":"Calling Bell"},{"not_picked":["Pandora\u0027s Box","Empty Cage"],"picked":"Nuclear Battery"}],"items_purged_floors":[19,25,37],"is_endless":false,"potions_floor_spawned":[3,6,13,20,24,27,31,33,35],"killed_by":"2 Orb Walkers","ascension_level":20}