{"gold_per_floor":[115,115,134,148,7,7,37,103,103,117,117,132,145,145,145,145],"floor_reached":16,"playtime":4582,"items_purged":[],"score":204,"play_id":"cfdb46c7-7e75-412d-a073-2e994decf58c","local_time":"20210528234216","is_ascension_mode":true,"campfire_choices":[{"data":"Reprogram","floor":6,"key":"SMITH"},{"floor":11,"key":"REST"},{"floor":15,"key":"REST"}],"neow_cost":"TEN_PERCENT_HP_LOSS","seed_source_timestamp":678148338573800,"circlet_count":0,"master_deck":["AscendersBane","Strike_B","Strike_B","Defend_B","Defend_B","Defend_B","Defend_B","Zap","Dualcast","Turbo","Rip and Tear","Doom and Gloom","Steam","Loop","Reprogram+1","Reboot","Beam Cell+1","Leap"],"relics":["Cracked Core","Bottled Lightning","Molten Egg 2"],"potions_floor_usage":[7,16],"damage_taken":[{"damage":0,"enemies":"Small Slimes","floor":1,"turns":3},{"damage":3,"enemies":"2 Louse","floor":3,"turns":2},{"damage":0,"enemies":"Cultist","floor":4,"turns":3},{"damage":51,"enemies":"Gremlin Nob","floor":7,"turns":6},{"damage":4,"enemies":"Blue Slaver","floor":10,"turns":4},{"damage":8,"enemies":"Large Slime","floor":12,"turns":3},{"damage":0,"enemies":"2 Fungi Beasts","floor":13,"turns":4},{"damage":51,"enemies":"Slime Boss","floor":16,"turns":8}],"seed_played":"6802426777840860694","potions_obtained":[{"floor":4,"key":"Block Potion"},{"floor":7,"key":"SteroidPotion"},{"floor":12,"key":"Fire Potion"}],"is_trial":false,"path_per_floor":["M","?","M","M","$","R","E","?","T","M","R","M","M","?","R","B"],"character_chosen":"DEFECT","items_purchased":["Reprogram","SteroidPotion"],"campfire_rested":2,"item_purchase_floors":[5,5],"current_hp_per_floor":[64,64,61,61,61,61,10,10,10,6,25,17,17,17,36,0],"gold":145,"neow_bonus":"TRANSFORM_TWO_CARDS","is_prod":false,"is_daily":false,"chose_seed":false,"campfire_upgraded":1,"win_rate":0,"timestamp":1622270536,"path_taken":["M","?","M","M","$","R","E","?","T","M","R","M","M","?","R","BOSS"],"build_version":"2020-12-18","purchased_purges":0,"victory":false,"max_hp_per_floor":[64,64,64,64,64,64,64,64,64,64,64,64,64,64,64,64],"relic_stats":{"counters":[8,33],"obtain_stats":[{"Molten Egg 2":9,"Bottled Lightning":7,"Cracked Core":0},{"Molten Egg 2":4,"Bottled Lightning":4,"Cracked Core":0},{"Molten Egg 2":14,"Bottled Lightning":14,"Cracked Core":0}]},"card_choices":[{"not_picked":["Conserve Battery","Coolheaded"],"picked":"Doom and Gloom","floor":1},{"not_picked":["Steam","Steam Power","Stack"],"picked":"SKIP","floor":3},{"not_picked":["Steam Power","Stack"],"picked":"Steam","floor":3},{"not_picked":["Hologram","Rebound"],"picked":"Loop","floor":4},{"not_picked":["Consume","Conserve Battery"],"picked":"Reboot","floor":7},{"not_picked":["Hello World","Stack"],"picked":"Beam Cell+1","floor":10},{"not_picked":["Heatsinks","Turbo"],"picked":"Leap","floor":12},{"not_picked":["Steam Power","Stack","Coolheaded"],"picked":"SKIP","floor":13}],"player_experience":3856966,"relics_obtained":[{"floor":7,"key":"Bottled Lightning"},{"floor":9,"key":"Molten Egg 2"}],"event_choices":[{"damage_healed":0,"gold_gain":0,"player_choice":"Leave","damage_taken":0,"max_hp_gain":0,"max_hp_loss":0,"event_name":"The Cleric","floor":2,"gold_loss":0},{"damage_healed":0,"gold_gain":66,"player_choice":"Gained Gold","damage_taken":0,"max_hp_gain":0,"max_hp_loss":0,"event_name":"Golden Wing","floor":8,"gold_loss":0},{"damage_healed":0,"gold_gain":0,"player_choice":"Fled","damage_taken":0,"max_hp_gain":0,"max_hp_loss":0,"event_name":"Scrap Ooze","floor":14,"gold_loss":0}],"is_beta":true,"boss_relics":[],"items_purged_floors":[],"is_endless":false,"potions_floor_spawned":[4,7,12,13],"killed_by":"Slime Boss","ascension_level":20}