{"gold_per_floor":[109,119,119,119,137,170,170,29,53,53,25,52,67,94,94,168,168,187,237,5,34,63,63,100,100,125,125,125,153,165,216,228,240],"floor_reached":33,"playtime":6714,"items_purged":["Strike_B"],"score":638,"play_id":"3e4aa844-5e80-4534-9daf-5cd368a51986","local_time":"20210528133328","is_ascension_mode":true,"campfire_choices":[{"data":"Self Repair","floor":7,"key":"SMITH"},{"data":"Sunder","floor":10,"key":"SMITH"},{"data":"Beam Cell","floor":15,"key":"SMITH"},{"floor":23,"key":"REST"},{"floor":27,"key":"REST"},{"data":"Biased Cognition","floor":28,"key":"SMITH"},{"floor":30,"key":"REST"},{"floor":32,"key":"REST"}],"neow_cost":"NONE","seed_source_timestamp":639485114718000,"circlet_count":0,"master_deck":["AscendersBane","Strike_B+1","Strike_B+1","Defend_B+1","Defend_B+1","Defend_B+1","Defend_B+1","Zap","Dualcast","Fusion","Beam Cell+1","Genetic Algorithm","Cold Snap","Self Repair+1","Sunder+1","Coolheaded","Reinforced Body","Static Discharge","Seek","Biased Cognition+1","CurseOfTheBell","Barrage","Genetic Algorithm","Skim+1","Glacier","Chill+1"],"relics":["Cracked Core","Lantern","Bronze Scales","Pen Nib","Whetstone","Calling Bell","CeramicFish","Shuriken","WingedGreaves","DataDisk","Bag of Preparation","Nunchaku","MawBank","Oddly Smooth Stone"],"potions_floor_usage":[6,6,12,16,18,21,24,24,31],"damage_taken":[{"damage":1,"enemies":"Cultist","floor":1,"turns":3},{"damage":2,"enemies":"2 Louse","floor":2,"turns":2},{"damage":8,"enemies":"Jaw Worm","floor":5,"turns":4},{"damage":23,"enemies":"Lagavulin","floor":6,"turns":7},{"damage":4,"enemies":"Gremlin Nob","floor":12,"turns":3},{"damage":7,"enemies":"Blue Slaver","floor":13,"turns":4},{"damage":5,"enemies":"3 Sentries","floor":14,"turns":7},{"damage":35,"enemies":"Slime Boss","floor":16,"turns":6},{"damage":25,"enemies":"Shell Parasite","floor":18,"turns":5},{"damage":9,"enemies":"2 Thieves","floor":21,"turns":4},{"damage":17,"enemies":"Sentry and Sphere","floor":22,"turns":6},{"damage":32,"enemies":"Gremlin Leader","floor":24,"turns":7},{"damage":32,"enemies":"Book of Stabbing","floor":29,"turns":5},{"damage":20,"enemies":"Slavers","floor":31,"turns":5},{"damage":55,"enemies":"Champ","floor":33,"turns":22}],"seed_played":"1741021585188756150","potions_obtained":[{"floor":1,"key":"Strength Potion"},{"floor":2,"key":"SkillPotion"},{"floor":5,"key":"FearPotion"},{"floor":14,"key":"Weak Potion"},{"floor":16,"key":"Energy Potion"},{"floor":18,"key":"FearPotion"},{"floor":21,"key":"Explosive Potion"},{"floor":22,"key":"PowerPotion"},{"floor":29,"key":"ColorlessPotion"}],"is_trial":false,"path_per_floor":["M","M","T","?","M","E","R","$","T","R","$","E","M","E","R","B",null,"M","?","$","M","M","R","E","?","T","R","R","E","R","E","R","B"],"character_chosen":"DEFECT","items_purchased":["Sunder","FearPotion","Coolheaded","DataDisk"],"campfire_rested":4,"item_purchase_floors":[8,8,11,20],"current_hp_per_floor":[63,61,61,61,53,30,30,30,30,30,30,36,39,44,44,19,58,43,36,36,27,20,41,19,19,19,40,40,18,39,29,50,0],"gold":240,"neow_bonus":"TRANSFORM_CARD","is_prod":false,"is_daily":false,"chose_seed":false,"campfire_upgraded":4,"win_rate":0,"timestamp":1622234008,"path_taken":["M","M","?","?","M","E","R","?","T","R","$","E","M","E","R","BOSS","M","?","$","M","?","R","E","?","T","R","R","E","R","E","R","BOSS"],"build_version":"2020-12-18","purchased_purges":1,"victory":false,"max_hp_per_floor":[71,71,71,71,71,71,71,71,71,71,71,71,71,71,71,71,71,71,71,71,71,71,71,71,71,71,71,71,71,71,71,71,71],"relic_stats":{"Nunchaku":[3],"counters":[15,90],"Shuriken":[8],"Bronze Scales":[177],"CeramicFish":45,"Pen Nib":[8],"Bag of Preparation":[6],"Whetstone":["Strike_B","Strike_B"],"MawBank":48,"obtain_stats":[{"Lantern":6,"CeramicFish":17,"Oddly Smooth Stone":31,"Pen Nib":12,"Bag of Preparation":24,"Whetstone":14,"MawBank":29,"Calling Bell":17,"DataDisk":20,"Nunchaku":26,"Shuriken":17,"Bronze Scales":9,"WingedGreaves":17,"Cracked Core":0},{"Lantern":4,"CeramicFish":8,"Oddly Smooth Stone":14,"Pen Nib":5,"Bag of Preparation":12,"Whetstone":7,"MawBank":13,"Calling Bell":8,"DataDisk":9,"Nunchaku":12,"Shuriken":8,"Bronze Scales":4,"WingedGreaves":8,"Cracked Core":0},{"Lantern":16,"CeramicFish":36,"Oddly Smooth Stone":68,"Pen Nib":19,"Bag of Preparation":58,"Whetstone":30,"MawBank":63,"Calling Bell":36,"DataDisk":41,"Nunchaku":58,"Shuriken":36,"Bronze Scales":16,"WingedGreaves":36,"Cracked Core":0}]},"card_choices":[{"not_picked":["Double Energy","Chill"],"picked":"Beam Cell","floor":1},{"not_picked":["Scrape","Darkness"],"picked":"Genetic Algorithm","floor":2},{"not_picked":["Reinforced Body","Lockon"],"picked":"Cold Snap","floor":5},{"not_picked":["Turbo","Hologram"],"picked":"Self Repair","floor":6},{"not_picked":["Heatsinks","Coolheaded"],"picked":"Reinforced Body","floor":12},{"not_picked":["Turbo","Static Discharge","Undo"],"picked":"SKIP","floor":13},{"not_picked":["Turbo","Undo"],"picked":"Static Discharge","floor":13},{"not_picked":["Gash","Static Discharge"],"picked":"Seek","floor":14},{"not_picked":["Hyperbeam","Seek"],"picked":"Biased Cognition","floor":16},{"not_picked":["Recycle","Auto Shields"],"picked":"Barrage","floor":18},{"not_picked":["Lockon","Leap"],"picked":"Genetic Algorithm","floor":21},{"not_picked":["Static Discharge","Stack"],"picked":"Skim+1","floor":22},{"not_picked":["Beam Cell","Genetic Algorithm"],"picked":"Glacier","floor":24},{"not_picked":["Beam Cell","Coolheaded","BootSequence"],"picked":"SKIP","floor":29},{"not_picked":["Redo","Double Energy"],"picked":"Chill+1","floor":31}],"player_experience":3839231,"relics_obtained":[{"floor":6,"key":"Lantern"},{"floor":9,"key":"Bronze Scales"},{"floor":12,"key":"Pen Nib"},{"floor":14,"key":"Whetstone"},{"floor":17,"key":"CeramicFish"},{"floor":17,"key":"Shuriken"},{"floor":17,"key":"WingedGreaves"},{"floor":24,"key":"Bag of Preparation"},{"floor":26,"key":"Nunchaku"},{"floor":29,"key":"MawBank"},{"floor":31,"key":"Oddly Smooth Stone"}],"event_choices":[{"damage_healed":0,"gold_gain":0,"player_choice":"Ignored","damage_taken":0,"max_hp_gain":0,"max_hp_loss":0,"event_name":"Liars Game","floor":4,"gold_loss":0},{"damage_healed":0,"gold_gain":50,"player_choice":"Touch","damage_taken":7,"max_hp_gain":0,"max_hp_loss":0,"event_name":"FaceTrader","floor":19,"gold_loss":0},{"damage_healed":0,"gold_gain":0,"player_choice":"Simplicity","damage_taken":0,"max_hp_gain":0,"max_hp_loss":0,"event_name":"Back to Basics","floor":25,"gold_loss":0,"cards_upgraded":["Defend_B","Defend_B","Defend_B","Defend_B"]}],"is_beta":true,"boss_relics":[{"not_picked":["Busted Crown","Empty Cage"],"picked":"Calling Bell"}],"items_purged_floors":[20],"is_endless":false,"potions_floor_spawned":[1,2,5,14,16,18,21,22,29],"killed_by":"Champ","ascension_level":20}