{"gold_per_floor":[112,130,148,148,167,167,202,217,241,251,271,271,25,52,52,131,131,151,167,184,99,99,132,132,51,51,51,79,98,98,98],"floor_reached":31,"playtime":2028,"items_purged":["Strike_B"],"score":574,"play_id":"d2094a50-457e-4eb3-8640-ee837f2ec31c","local_time":"20210525224213","is_ascension_mode":true,"campfire_choices":[{"data":"Barrage","floor":6,"key":"SMITH"},{"data":"Barrage","floor":12,"key":"SMITH"},{"data":"Go for the Eyes","floor":15,"key":"SMITH"},{"data":"Ghostly","floor":24,"key":"SMITH"},{"data":"Ghostly","floor":27,"key":"SMITH"}],"neow_cost":"NONE","seed_source_timestamp":417901544878100,"circlet_count":0,"master_deck":["AscendersBane","Strike_B","Strike_B","Strike_B","Defend_B","Defend_B","Defend_B","Defend_B","Zap+1","Dualcast","Cold Snap","Barrage+1","Coolheaded","Leap","Ball Lightning","Barrage+1","Sweeping Beam","Go for the Eyes+1","Steam+1","Ghostly+1","Ghostly","Ghostly+1","Creative AI","Glacier","Skim"],"relics":["Cracked Core","MealTicket","DataDisk","Toolbox","PreservedInsect","Runic Dome","Potion Belt","StoneCalendar","Bag of Preparation","Omamori"],"potions_floor_usage":[5,10,11,19,28],"damage_taken":[{"damage":1,"enemies":"Cultist","floor":1,"turns":3},{"damage":0,"enemies":"Jaw Worm","floor":2,"turns":3},{"damage":0,"enemies":"2 Louse","floor":3,"turns":2},{"damage":17,"enemies":"Exordium Thugs","floor":5,"turns":4},{"damage":14,"enemies":"3 Sentries","floor":7,"turns":8},{"damage":1,"enemies":"Blue Slaver","floor":8,"turns":4},{"damage":6,"enemies":"Large Slime","floor":10,"turns":3},{"damage":5,"enemies":"Gremlin Gang","floor":11,"turns":4},{"damage":6,"enemies":"Gremlin Nob","floor":14,"turns":3},{"damage":21,"enemies":"The Guardian","floor":16,"turns":10},{"damage":7,"enemies":"3 Byrds","floor":18,"turns":4},{"damage":3,"enemies":"Chosen","floor":19,"turns":4},{"damage":2,"enemies":"Centurion and Healer","floor":20,"turns":7},{"damage":30,"enemies":"Gremlin Leader","floor":23,"turns":7},{"damage":23,"enemies":"Book of Stabbing","floor":28,"turns":6},{"damage":0,"enemies":"Snake Plant","floor":29,"turns":5},{"damage":26,"enemies":"Cultist and Chosen","floor":31,"turns":3}],"seed_played":"-5315104476824994212","potions_obtained":[{"floor":1,"key":"LiquidBronze"},{"floor":2,"key":"Dexterity Potion"},{"floor":5,"key":"Fruit Juice"},{"floor":10,"key":"Block Potion"},{"floor":11,"key":"Block Potion"},{"floor":23,"key":"CultistPotion"}],"is_trial":false,"path_per_floor":["M","M","M","?","M","R","E","M","T","M","M","R","$","E","R","B",null,"M","M","M","?","?","E","R","$","T","R","E","M","$","M"],"character_chosen":"DEFECT","items_purchased":["Toolbox","Glacier"],"campfire_rested":0,"item_purchase_floors":[13,25],"current_hp_per_floor":[63,63,63,68,51,51,37,36,36,35,30,30,45,39,39,18,65,58,55,53,53,40,10,10,25,25,25,2,2,17,0],"gold":98,"neow_bonus":"UPGRADE_CARD","is_prod":false,"is_daily":false,"chose_seed":false,"campfire_upgraded":5,"win_rate":0,"timestamp":1622007733,"path_taken":["M","?","M","?","M","R","E","M","T","M","M","R","$","E","R","BOSS","M","M","M","?","?","E","R","?","T","R","E","M","$","?"],"build_version":"2020-12-18","purchased_purges":1,"victory":false,"max_hp_per_floor":[71,71,71,76,76,76,76,76,76,81,81,81,81,81,81,81,81,81,81,81,81,40,40,40,40,40,40,40,40,40,40],"relic_stats":{"counters":[17,80],"MealTicket":45,"StoneCalendar":[0],"PreservedInsect":92,"Bag of Preparation":[6],"obtain_stats":[{"Potion Belt":21,"Runic Dome":17,"DataDisk":9,"Toolbox":13,"MealTicket":7,"StoneCalendar":23,"PreservedInsect":14,"Bag of Preparation":26,"Omamori":28,"Cracked Core":0},{"Potion Belt":13,"Runic Dome":10,"DataDisk":6,"Toolbox":8,"MealTicket":5,"StoneCalendar":14,"PreservedInsect":9,"Bag of Preparation":14,"Omamori":15,"Cracked Core":0},{"Potion Belt":59,"Runic Dome":44,"DataDisk":24,"Toolbox":31,"MealTicket":20,"StoneCalendar":66,"PreservedInsect":34,"Bag of Preparation":66,"Omamori":72,"Cracked Core":0}]},"card_choices":[{"not_picked":["Storm","Go for the Eyes"],"picked":"Cold Snap","floor":1},{"not_picked":["Skim","Turbo"],"picked":"Barrage","floor":2},{"not_picked":["Stack","Conserve Battery"],"picked":"Coolheaded","floor":3},{"not_picked":["Darkness","Fusion"],"picked":"Leap","floor":5},{"not_picked":["Lockon","Scrape","Steam"],"picked":"SKIP","floor":7},{"not_picked":["Coolheaded","BootSequence"],"picked":"Ball Lightning","floor":8},{"not_picked":["Double Energy","Beam Cell"],"picked":"Barrage","floor":10},{"not_picked":["Conserve Battery","Machine Learning"],"picked":"Sweeping Beam","floor":11},{"not_picked":["Coolheaded","Compile Driver"],"picked":"Go for the Eyes","floor":14},{"not_picked":["Ball Lightning","Compile Driver"],"picked":"Steam+1","floor":18},{"not_picked":["Go for the Eyes","Consume","Gash"],"picked":"SKIP","floor":19},{"not_picked":["Gash","Compile Driver","Double Energy"],"picked":"SKIP","floor":20},{"not_picked":["Leap","Cold Snap"],"picked":"Creative AI","floor":23},{"not_picked":["Stack","Beam Cell"],"picked":"Skim","floor":28},{"not_picked":["Stack","Blizzard","Sweeping Beam"],"picked":"SKIP","floor":29}],"player_experience":3798734,"relics_obtained":[{"floor":7,"key":"MealTicket"},{"floor":9,"key":"DataDisk"},{"floor":14,"key":"PreservedInsect"},{"floor":23,"key":"StoneCalendar"},{"floor":26,"key":"Bag of Preparation"},{"floor":28,"key":"Omamori"}],"event_choices":[{"damage_healed":0,"gold_gain":0,"player_choice":"Donut","damage_taken":0,"max_hp_gain":5,"max_hp_loss":0,"event_name":"Big Fish","floor":4,"gold_loss":0},{"damage_healed":0,"gold_gain":0,"player_choice":"Obtained Relic","damage_taken":0,"relics_obtained":["Potion Belt"],"max_hp_gain":0,"max_hp_loss":0,"event_name":"Addict","floor":21,"gold_loss":85},{"damage_healed":0,"gold_gain":0,"player_choice":"Became a Ghost","damage_taken":0,"max_hp_gain":0,"max_hp_loss":41,"event_name":"Ghosts","floor":22,"gold_loss":0,"cards_obtained":["Ghostly","Ghostly","Ghostly"]}],"is_beta":true,"boss_relics":[{"not_picked":["Runic Pyramid","Empty Cage"],"picked":"Runic Dome"}],"items_purged_floors":[13],"is_endless":false,"potions_floor_spawned":[1,2,5,10,11,23],"killed_by":"Cultist and Chosen","ascension_level":20}