{"gold_per_floor":[117,117,133,153,166,166,201,201,226,242,242,253,266,300,300,378,378,393,393,404,419,439,466,466,498,498,511,167,167,4,4,4,75,75,91,91,104,4,21,21,51,51,51,76,88,121,121,150,150,150,150,150,150,4,35,35],"floor_reached":57,"playtime":4784,"items_purged":["Strike_B","Decay"],"score":3234,"play_id":"c9e8baa5-c666-46fc-8893-f51d50ae18d5","local_time":"20210527221246","is_ascension_mode":true,"campfire_choices":[{"data":"Tempest","floor":6.0,"key":"SMITH"},{"data":"Zap","floor":8.0,"key":"SMITH"},{"floor":11.0,"key":"REST"},{"data":"Hologram","floor":15.0,"key":"SMITH"},{"data":"Biased Cognition","floor":24.0,"key":"SMITH"},{"data":"Chill","floor":29.0,"key":"SMITH"},{"data":"Dualcast","floor":32.0,"key":"SMITH"},{"data":"Machine Learning","floor":40,"key":"SMITH"},{"floor":42,"key":"RECALL"},{"data":"Defragment","floor":49,"key":"SMITH"},{"data":"Turbo","floor":53,"key":"SMITH"}],"neow_cost":"NONE","seed_source_timestamp":585832695680300,"circlet_count":0,"master_deck":["AscendersBane","Zap+1","Dualcast+1","Tempest+1","FTL","Cold Snap","Cold Snap+1","Hologram+1","All For One","Steam","Glacier","Glacier","Biased Cognition+1","Go for the Eyes+1","Beam Cell+1","Gash","Ball Lightning","Gash","Chill+1","Flash of Steel","All For One","Machine Learning+1","Ball Lightning","Defragment+1","FTL","Rebound","Loop","Rebound+1","Secret Technique","Coolheaded+1","Stack","Gash","Turbo+1","Chill","Core Surge","Dark Shackles","Capacitor"],"special_seed":0,"relics":["Cracked Core","Potion Belt","Whetstone","Bag of Preparation","Coffee Dripper","Shuriken","Bronze Scales","Gambling Chip","TheAbacus","DollysMirror","Pandora\u0027s Box","MealTicket","Bird Faced Urn","Oddly Smooth Stone","StoneCalendar","Mango"],"potions_floor_usage":[46,50,55,56,56,56],"damage_taken":[{"damage":7.0,"enemies":"2 Louse","floor":1.0,"turns":3.0},{"damage":2.0,"enemies":"Cultist","floor":3.0,"turns":4.0},{"damage":5.0,"enemies":"Small Slimes","floor":4.0,"turns":2.0},{"damage":6.0,"enemies":"Looter","floor":5.0,"turns":3.0},{"damage":9.0,"enemies":"3 Sentries","floor":7.0,"turns":6.0},{"damage":0.0,"enemies":"Exordium Thugs","floor":10.0,"turns":3.0},{"damage":0.0,"enemies":"2 Fungi Beasts","floor":12.0,"turns":3.0},{"damage":11.0,"enemies":"3 Louse","floor":13.0,"turns":3.0},{"damage":4.0,"enemies":"Gremlin Nob","floor":14.0,"turns":3.0},{"damage":0.0,"enemies":"The Guardian","floor":16.0,"turns":16.0},{"damage":10.0,"enemies":"Spheric Guardian","floor":18.0,"turns":4.0},{"damage":0.0,"enemies":"Chosen","floor":20.0,"turns":3.0},{"damage":3.0,"enemies":"Snake Plant","floor":21.0,"turns":4.0},{"damage":4.0,"enemies":"Centurion and Healer","floor":22.0,"turns":3.0},{"damage":44.0,"enemies":"Gremlin Leader","floor":23.0,"turns":8.0},{"damage":0.0,"enemies":"Book of Stabbing","floor":25.0,"turns":3.0},{"damage":0.0,"enemies":"Snecko","floor":27.0,"turns":2.0},{"damage":0.0,"enemies":"Automaton","floor":33.0,"turns":5.0},{"damage":0.0,"enemies":"Orb Walker","floor":35.0,"turns":2.0},{"damage":5.0,"enemies":"3 Shapes","floor":37.0,"turns":4.0},{"damage":0,"enemies":"3 Darklings","floor":39,"turns":3},{"damage":0,"enemies":"Giant Head","floor":41,"turns":5},{"damage":7,"enemies":"Mind Bloom Boss Battle","floor":44,"turns":7},{"damage":0,"enemies":"4 Shapes","floor":45,"turns":4},{"damage":9,"enemies":"Reptomancer","floor":46,"turns":4},{"damage":7,"enemies":"Nemesis","floor":48,"turns":7},{"damage":4,"enemies":"Time Eater","floor":50,"turns":8},{"damage":0,"enemies":"Donu and Deca","floor":51,"turns":9},{"damage":13,"enemies":"Shield and Spear","floor":55,"turns":5},{"damage":82,"enemies":"The Heart","floor":56,"turns":10}],"seed_played":"-3432987178953720530","potions_obtained":[{"floor":1.0,"key":"EntropicBrew"},{"floor":5.0,"key":"Explosive Potion"},{"floor":10.0,"key":"PotionOfCapacity"},{"floor":13.0,"key":"EssenceOfSteel"},{"floor":16.0,"key":"DuplicationPotion"},{"floor":18.0,"key":"EssenceOfSteel"},{"floor":23.0,"key":"Strength Potion"},{"floor":27.0,"key":"GamblersBrew"},{"floor":35.0,"key":"BlessingOfTheForge"},{"floor":41,"key":"Ancient Potion"},{"floor":44,"key":"Fruit Juice"},{"floor":46,"key":"Energy Potion"}],"is_trial":false,"path_per_floor":["M","?","M","M","M","R","E","R","T","M","R","M","M","E","R","B",null,"M","?","M","M","M","E","R","E","T","M","$","R","$","?","R","B",null,"M","?","M","$","M","R","E","R","T","?","M","E","?","E","R","B","B",null,"R","$","E","B",null],"character_chosen":"DEFECT","items_purchased":["TheAbacus","Flash of Steel","DollysMirror","Dexterity Potion","Dark Shackles"],"campfire_rested":1,"item_purchase_floors":[28,28,30,54,54],"current_hp_per_floor":[57,47,45,40,34,34,25,25,25,25,46,46,35,31,31,31,61,51,71,71,68,64,20,20,20,20,20,20,20,20,20,20,20,58,58,48,43,43,43,43,43,43,43,36,42,42,42,43,43,45,53,70,70,76,77,5],"gold":35,"neow_bonus":"TRANSFORM_CARD","is_prod":false,"is_daily":false,"chose_seed":false,"campfire_upgraded":9,"win_rate":0,"timestamp":1622178766,"path_taken":["M","?","M","M","?","R","E","R","T","M","R","M","M","E","R","BOSS","M","?","M","M","M","E","R","E","T","?","$","R","$","?","R","BOSS","M","?","M","$","M","R","E","R","T","?","M","E","?","E","R","BOSS","BOSS","R","$","E","BOSS"],"build_version":"2020-12-18","purchased_purges":2,"victory":true,"max_hp_per_floor":[71,71,71,71,71,71,71,71,71,71,71,71,71,71,71,71,71,71,71,71,71,71,71,71,71,71,71,71,71,71,71,71,71,71,71,71,71,71,71,71,71,71,71,71,71,76,76,76,76,76,76,76,76,76,90,90],"relic_stats":{"TheAbacus":[60],"counters":[30,146],"Shuriken":[86],"Bronze Scales":[320],"Gambling Chip":[49],"Bird Faced Urn":[42],"Pandora\u0027s Box":["Ball Lightning","Defragment","Meteor Strike","FTL","Rebound","Loop"],"MealTicket":6,"StoneCalendar":[125],"Bag of Preparation":[42],"Whetstone":["Strike_B","Cold Snap"],"obtain_stats":[{"Potion Belt":7,"Oddly Smooth Stone":46,"StoneCalendar":48,"Mango":55,"Bag of Preparation":14,"Whetstone":9,"TheAbacus":28,"Shuriken":23,"DollysMirror":30,"Bronze Scales":25,"Gambling Chip":26,"Bird Faced Urn":44,"Pandora\u0027s Box":34,"MealTicket":41,"Coffee Dripper":17,"Cracked Core":0},{"Potion Belt":5,"Oddly Smooth Stone":25,"StoneCalendar":26,"Mango":29,"Bag of Preparation":9,"Whetstone":5,"TheAbacus":17,"Shuriken":15,"DollysMirror":17,"Bronze Scales":16,"Gambling Chip":16,"Bird Faced Urn":23,"Pandora\u0027s Box":18,"MealTicket":22,"Coffee Dripper":10,"Cracked Core":0},{"Potion Belt":18,"Oddly Smooth Stone":107,"StoneCalendar":114,"Mango":136,"Bag of Preparation":30,"Whetstone":18,"TheAbacus":73,"Shuriken":68,"DollysMirror":73,"Bronze Scales":71,"Gambling Chip":71,"Bird Faced Urn":99,"Pandora\u0027s Box":78,"MealTicket":92,"Coffee Dripper":46,"Cracked Core":0}]},"card_choices":[{"not_picked":["Tempest","Stack"],"picked":"FTL","floor":1.0},{"not_picked":["Darkness","Force Field"],"picked":"Cold Snap","floor":3.0},{"not_picked":["Hologram","Steam"],"picked":"Cold Snap","floor":4.0},{"not_picked":["Go for the Eyes","Hologram","Leap"],"picked":"SKIP","floor":5.0},{"not_picked":["Go for the Eyes","Leap"],"picked":"Hologram","floor":5.0},{"not_picked":["Self Repair","BootSequence"],"picked":"All For One","floor":7.0},{"not_picked":["Melter","Skim"],"picked":"Steam","floor":10.0},{"not_picked":["Streamline","Steam"],"picked":"Glacier","floor":12.0},{"not_picked":["Cold Snap","Redo"],"picked":"Skim","floor":13.0},{"not_picked":["Steam","Steam Power"],"picked":"Glacier","floor":14.0},{"not_picked":["Echo Form","Thunder Strike"],"picked":"Biased Cognition","floor":16.0},{"not_picked":["Steam","Stack"],"picked":"Go for the Eyes+1","floor":18.0},{"not_picked":["Gash","Hyperbeam"],"picked":"Beam Cell+1","floor":20.0},{"not_picked":["Hologram","Chill+1"],"picked":"Gash","floor":21.0},{"not_picked":["Rebound","Leap"],"picked":"Ball Lightning","floor":22.0},{"not_picked":["Glacier","Steam Power"],"picked":"Gash","floor":23.0},{"not_picked":["Beam Cell","Hello World"],"picked":"Chill","floor":25.0},{"not_picked":["Melter","Doom and Gloom+1","Sweeping Beam"],"picked":"SKIP","floor":27.0},{"not_picked":["Buffer","Echo Form"],"picked":"Machine Learning","floor":33.0},{"not_picked":["Storm","Steam"],"picked":"Rebound+1","floor":35.0},{"not_picked":["Impatience","HandOfGreed"],"picked":"Secret Technique","floor":36.0},{"not_picked":["Cold Snap","Auto Shields+1"],"picked":"Coolheaded+1","floor":37.0},{"not_picked":["Self Repair","Barrage"],"picked":"Stack","floor":39},{"not_picked":["Ball Lightning","Steam"],"picked":"Gash","floor":41},{"not_picked":["Melter","Hologram","Redo"],"picked":"SKIP","floor":45},{"not_picked":["Rebound+1","Go for the Eyes"],"picked":"Turbo","floor":46},{"not_picked":["BootSequence+1","Hologram"],"picked":"Core Surge","floor":48},{"not_picked":["Cold Snap","Hologram+1"],"picked":"Capacitor","floor":55}],"player_experience":3829364,"relics_obtained":[{"floor":7.0,"key":"Potion Belt"},{"floor":9.0,"key":"Whetstone"},{"floor":14.0,"key":"Bag of Preparation"},{"floor":23.0,"key":"Shuriken"},{"floor":25.0,"key":"Bronze Scales"},{"floor":26.0,"key":"Gambling Chip"},{"floor":41,"key":"MealTicket"},{"floor":44,"key":"Bird Faced Urn"},{"floor":46,"key":"Oddly Smooth Stone"},{"floor":48,"key":"StoneCalendar"},{"floor":55,"key":"Mango"}],"event_choices":[{"damage_healed":0.0,"max_hp_gain":0.0,"max_hp_loss":0.0,"gold_gain":0.0,"event_name":"Wheel of Change","player_choice":"Damaged","floor":2.0,"gold_loss":0.0,"damage_taken":10.0},{"cards_removed":["Skim"],"damage_healed":20.0,"max_hp_gain":0.0,"max_hp_loss":0.0,"gold_gain":0.0,"event_name":"Bonfire Elementals","player_choice":"Offered Uncommon","floor":19.0,"gold_loss":0.0,"damage_taken":0.0},{"damage_healed":0.0,"max_hp_gain":0.0,"max_hp_loss":0.0,"gold_gain":0.0,"event_name":"Forgotten Altar","player_choice":"Smashed Altar","floor":31.0,"gold_loss":0.0,"damage_taken":0.0,"cards_obtained":["Decay"]},{"damage_healed":0.0,"max_hp_gain":0.0,"max_hp_loss":0.0,"gold_gain":0.0,"event_name":"SensoryStone","player_choice":"Memory 3","floor":36.0,"gold_loss":0.0,"damage_taken":10.0},{"damage_healed":0,"gold_gain":0,"player_choice":"Fight","damage_taken":0,"max_hp_gain":0,"max_hp_loss":0,"event_name":"MindBloom","floor":44,"gold_loss":0},{"damage_healed":0,"gold_gain":0,"cards_transformed":["Meteor Strike"],"player_choice":"Transformed","damage_taken":0,"max_hp_gain":0,"max_hp_loss":0,"event_name":"Transmorgrifier","floor":47,"gold_loss":0,"cards_obtained":["Chill"]}],"is_beta":true,"boss_relics":[{"not_picked":["FrozenCore","Busted Crown"],"picked":"Coffee Dripper"},{"not_picked":["Black Star","Runic Pyramid"],"picked":"Pandora\u0027s Box"}],"items_purged_floors":[28,38],"is_endless":false,"potions_floor_spawned":[1,5,10,13,16,18,21,23,27,35,41,44,46],"ascension_level":20}