{"gold_per_floor":[112,123,3,13,23,54,54,92,92,92,148,48,86,106,106,215,215,241,110,136,136,160,160,194,194,220,233,233,233,258,28,28,129,129,144,144,158,177,177,207,207,207,233,108,108,121,121,139,139,139],"floor_reached":51,"playtime":3685,"items_purged":["Shame","Strike_P","Strike_P"],"score":1252,"play_id":"3b4e9e4c-364c-48d4-8683-c396513cc893","local_time":"20190918162029","is_ascension_mode":true,"campfire_choices":[{"floor":7,"key":"REST"},{"data":"Alpha","floor":15,"key":"SMITH"},{"floor":23,"key":"REST"},{"data":"Vigilance","floor":25,"key":"SMITH"},{"data":"ForeignInfluence","floor":29,"key":"SMITH"},{"data":"Sanctity","floor":32,"key":"SMITH"},{"floor":42,"key":"DIG"},{"floor":45,"key":"DIG"},{"floor":47,"key":"DIG"},{"floor":49,"key":"DIG"}],"neow_cost":"CURSE","seed_source_timestamp":567384308751800,"circlet_count":0,"master_deck":["AscendersBane","Strike_P","Defend_P","Defend_P","Defend_P+1","Defend_P","Eruption","Vigilance+1","ForeignInfluence+1","FlurryOfBlows","CrushJoints","EmptyBody","Protect+1","Vault","Swivel+1","Alpha+1","ThirdEye","MasterReality","EmptyBody+1","Wish","Sanctity+1","Protect+1","Protect+1","Establishment"],"relics":["PureWater","Mango","CeramicFish","Kunai","Ice Cream","Strawberry","Snecko Eye","Gremlin Horn","Regal Pillow","Thread and Needle","Lantern","Sozu","Shovel","TeardropLocket","War Paint","Bottled Tornado","Anchor","Melange"],"potions_floor_usage":[6,6,24,24,30,50,50],"damage_taken":[{"damage":18,"enemies":"Cultist","floor":1,"turns":6},{"damage":6,"enemies":"2 Louse","floor":2,"turns":2},{"damage":0,"enemies":"Jaw Worm","floor":4,"turns":3},{"damage":5,"enemies":"Red Slaver","floor":5,"turns":2},{"damage":14,"enemies":"Lagavulin","floor":6,"turns":9},{"damage":34,"enemies":"Gremlin Nob","floor":8,"turns":4},{"damage":0,"enemies":"Lagavulin","floor":11,"turns":4},{"damage":2,"enemies":"3 Sentries","floor":13,"turns":5},{"damage":0,"enemies":"Exordium Wildlife","floor":14,"turns":4},{"damage":43,"enemies":"Hexaghost","floor":16,"turns":8},{"damage":11,"enemies":"Shell Parasite","floor":18,"turns":10},{"damage":29,"enemies":"3 Byrds","floor":20,"turns":5},{"damage":6,"enemies":"Cultist and Chosen","floor":22,"turns":6},{"damage":1,"enemies":"Slavers","floor":24,"turns":4},{"damage":3,"enemies":"Snake Plant","floor":27,"turns":6},{"damage":3,"enemies":"Gremlin Leader","floor":30,"turns":6},{"damage":8,"enemies":"Collector","floor":33,"turns":8},{"damage":1,"enemies":"Orb Walker","floor":35,"turns":4},{"damage":0,"enemies":"3 Shapes","floor":37,"turns":6},{"damage":0,"enemies":"Maw","floor":38,"turns":5},{"damage":0,"enemies":"Nemesis","floor":40,"turns":5},{"damage":0,"enemies":"Spire Growth","floor":46,"turns":5},{"damage":7,"enemies":"Jaw Worm Horde","floor":48,"turns":5},{"damage":0,"enemies":"Time Eater","floor":50,"turns":10}],"seed_played":"-4278645084899958757","potions_obtained":[{"floor":2,"key":"DuplicationPotion"},{"floor":5,"key":"PowerPotion"},{"floor":8,"key":"Fire Potion"},{"floor":11,"key":"SpeedPotion"},{"floor":16,"key":"Explosive Potion"},{"floor":22,"key":"AttackPotion"},{"floor":24,"key":"SkillPotion"},{"floor":27,"key":"Block Potion"},{"floor":30,"key":"Strength Potion"}],"is_trial":false,"path_per_floor":["M","M","$","M","M","E","R","E","T","?","E","$","E","M","R","B",null,"M","$","M","?","M","R","E","R","T","M","?","R","E","$","R","B",null,"M","?","M","M","?","E","?","R","T","$","R","M","R","M","R","B",null],"character_chosen":"WATCHER","items_purchased":["CrushJoints","Wish","Establishment","Lantern"],"campfire_rested":2,"item_purchase_floors":[3,19,31,31],"current_hp_per_floor":[55,49,49,49,44,30,53,19,19,45,45,45,50,50,50,7,66,55,55,26,26,20,45,44,44,44,41,86,86,83,83,83,75,83,82,82,82,82,82,82,82,82,82,82,82,82,82,75,75,75],"gold":139,"neow_bonus":"ONE_RARE_RELIC","is_prod":false,"is_daily":false,"chose_seed":false,"campfire_upgraded":4,"win_rate":0,"timestamp":1568820029,"path_taken":["M","M","$","?","M","E","R","E","T","?","E","$","E","M","R","BOSS","M","$","M","?","M","R","E","R","T","?","?","R","E","?","R","BOSS","M","?","M","M","?","E","?","R","T","$","R","M","R","?","R","BOSS"],"build_version":"2019-09-17","purchased_purges":3,"victory":true,"max_hp_per_floor":[79,79,79,79,79,79,79,79,79,79,79,79,86,86,86,86,86,86,86,86,86,86,86,86,86,86,86,86,86,86,86,86,86,86,86,86,86,86,86,86,86,86,86,86,86,86,86,86,86,86],"card_choices":[{"not_picked":["CleanseEvil","Sanctity"],"picked":"ForeignInfluence","floor":1},{"not_picked":["Adaptation","Weave"],"picked":"FlurryOfBlows","floor":2},{"not_picked":["CrushJoints","CutThroughFate"],"picked":"EmptyBody","floor":4},{"not_picked":["CrushJoints","Sanctity"],"picked":"Protect","floor":5},{"not_picked":["SignatureMove","Adaptation"],"picked":"FlurryOfBlows","floor":6},{"not_picked":["Wallop","ClearTheMind"],"picked":"Vault","floor":8},{"not_picked":["Protect","FlyingSleeves"],"picked":"Swivel","floor":11},{"not_picked":["EmptyFist","FollowUp"],"picked":"Alpha","floor":13},{"not_picked":["CleanseEvil","CarveReality"],"picked":"ThirdEye","floor":14},{"not_picked":["Brilliance","Judgement"],"picked":"MasterReality","floor":16},{"not_picked":["Devotion+1","BowlingBash"],"picked":"EmptyBody+1","floor":18},{"not_picked":["EmptyFist","FlurryOfBlows+1"],"picked":"Sanctity","floor":20},{"not_picked":["PathToVictory","BowlingBash"],"picked":"Protect+1","floor":22},{"not_picked":["CutThroughFate+1","CarveReality+1"],"picked":"Protect+1","floor":24},{"not_picked":["SashWhip","JustLucky","CleanseEvil"],"picked":"SKIP","floor":27},{"not_picked":["Protect","JustLucky","InnerPeace"],"picked":"SKIP","floor":30},{"not_picked":["Evaluate","ClearTheMind+1","WreathOfFlame"],"picked":"SKIP","floor":35},{"not_picked":["Halt","Establishment","CarveReality+1"],"picked":"SKIP","floor":37},{"not_picked":["JustLucky","Crescendo+1","WindmillStrike"],"picked":"SKIP","floor":38},{"not_picked":["Collect","EmptyBody","Worship"],"picked":"SKIP","floor":40},{"not_picked":["Crescendo","Wireheading","FlyingSleeves+1"],"picked":"SKIP","floor":46},{"not_picked":["WaveOfTheHand+1","Crescendo+1","DeusExMachina"],"picked":"SKIP","floor":48}],"player_experience":1782409,"relics_obtained":[{"floor":8,"key":"CeramicFish"},{"floor":9,"key":"Kunai"},{"floor":11,"key":"Ice Cream"},{"floor":13,"key":"Strawberry"},{"floor":24,"key":"Gremlin Horn"},{"floor":26,"key":"Regal Pillow"},{"floor":30,"key":"Thread and Needle"},{"floor":40,"key":"Shovel"},{"floor":42,"key":"TeardropLocket"},{"floor":43,"key":"War Paint"},{"floor":45,"key":"Bottled Tornado"},{"floor":47,"key":"Anchor"},{"floor":49,"key":"Melange"}],"event_choices":[{"damage_healed":26,"gold_gain":0,"player_choice":"Banana","damage_taken":0,"max_hp_gain":0,"max_hp_loss":0,"event_name":"Big Fish","floor":10,"gold_loss":0},{"damage_healed":0,"gold_gain":0,"player_choice":"Upgraded","damage_taken":0,"max_hp_gain":0,"max_hp_loss":0,"event_name":"Upgrade Shrine","floor":21,"gold_loss":0,"cards_upgraded":["Swivel"]},{"cards_removed":["FlurryOfBlows"],"damage_healed":45,"gold_gain":0,"player_choice":"Offered Uncommon","damage_taken":0,"max_hp_gain":0,"max_hp_loss":0,"event_name":"Bonfire Elementals","floor":28,"gold_loss":0},{"damage_healed":0,"gold_gain":0,"player_choice":"Ignored","damage_taken":0,"max_hp_gain":0,"max_hp_loss":0,"event_name":"Mysterious Sphere","floor":36,"gold_loss":0},{"damage_healed":0,"gold_gain":0,"player_choice":"Memory 1","damage_taken":0,"max_hp_gain":0,"max_hp_loss":0,"event_name":"SensoryStone","floor":39,"gold_loss":0},{"cards_removed":["Strike_P"],"damage_healed":0,"gold_gain":0,"player_choice":"Removed Attack","damage_taken":0,"max_hp_gain":0,"max_hp_loss":0,"event_name":"Falling","floor":41,"gold_loss":0}],"is_beta":true,"boss_relics":[{"not_picked":["Runic Pyramid","VioletLotus"],"picked":"Snecko Eye"},{"not_picked":["Tiny House","Calling Bell"],"picked":"Sozu"}],"items_purged_floors":[3,12,44],"is_endless":false,"potions_floor_spawned":[2,5,8,11,16,22,24,27,30,37,40],"ascension_level":10}