{"gold_per_floor":[114,189,201,201,212,239,239,249,249,249,259,259,269,284,284,389,389,401,411,429,429,429,462,480,480,480,480,490,45,56,85,85,187,187,198,298,34,45,97,129,129,0,24,24,24,24,44,79,79,79],"floor_reached":50,"playtime":14029,"items_purged":["Defend_P"],"score":705,"play_id":"724bf21a-03f3-4d67-bec3-f1750c69a166","local_time":"20190914164440","is_ascension_mode":true,"campfire_choices":[{"floor":7.0,"key":"REST"},{"data":"EmptyFist","floor":10.0,"key":"SMITH"},{"floor":12.0,"key":"REST"},{"data":"MasterReality","floor":15.0,"key":"SMITH"},{"floor":25.0,"key":"REST"},{"floor":27.0,"key":"REST"},{"data":"MentalFortress","floor":32.0,"key":"SMITH"},{"data":"Worship","floor":41,"key":"SMITH"},{"data":"WindmillStrike","floor":44,"key":"SMITH"},{"data":"Vigilance","floor":46,"key":"SMITH"},{"floor":49,"key":"REST"}],"neow_cost":"NONE","seed_source_timestamp":0,"circlet_count":0,"master_deck":["Strike_P+1","Strike_P","Strike_P+1","Defend_P+1","Defend_P","Eruption+1","Vigilance+1","FollowUp+1","EmptyFist+1","Vengeance","EmptyMind","FearNoEvil","Establishment+1","MasterReality+1","Blasphemy","CleanseEvil+1","Protect+1","TalkToTheHand+1","Brilliance+1","DeceiveReality+1","StepAndStrike","LessonLearned+1","EmptyBody+1","MentalFortress+1","Prostrate+1","Prostrate+1","CrushJoints+1","Meditate+1","Worship+1","Adaptation","WindmillStrike+1"],"special_seed":0,"relics":["PureWater","The Courier","CaptainsWheel","Runic Pyramid","Toy Ornithopter","Prayer Wheel","Letter Opener","Vajra","Sling","Strawberry","Philosopher\u0027s Stone","FossilizedHelix","Yang","Bird Faced Urn","Singing Bowl","Red Mask","PreservedInsect","Centennial Puzzle"],"potions_floor_usage":[39,40,40,50],"damage_taken":[{"damage":4.0,"enemies":"Small Slimes","floor":1.0,"turns":5.0},{"damage":0.0,"enemies":"2 Louse","floor":3.0,"turns":2.0},{"damage":2.0,"enemies":"Jaw Worm","floor":5.0,"turns":2.0},{"damage":17.0,"enemies":"Lagavulin","floor":6.0,"turns":7.0},{"damage":6.0,"enemies":"Looter","floor":8.0,"turns":3.0},{"damage":3.0,"enemies":"Blue Slaver","floor":11.0,"turns":3.0},{"damage":0.0,"enemies":"2 Fungi Beasts","floor":13.0,"turns":2.0},{"damage":3.0,"enemies":"Exordium Thugs","floor":14.0,"turns":4.0},{"damage":13.0,"enemies":"The Guardian","floor":16.0,"turns":9.0},{"damage":7.0,"enemies":"Chosen","floor":18.0,"turns":3.0},{"damage":13.0,"enemies":"3 Byrds","floor":19.0,"turns":5.0},{"damage":12.0,"enemies":"Snake Plant","floor":20.0,"turns":4.0},{"damage":34.0,"enemies":"Slavers","floor":23.0,"turns":10.0},{"damage":9.0,"enemies":"Centurion and Healer","floor":24.0,"turns":10.0},{"damage":0.0,"enemies":"Cultist and Chosen","floor":28.0,"turns":8.0},{"damage":0.0,"enemies":"3 Cultists","floor":30.0,"turns":5.0},{"damage":0.0,"enemies":"Gremlin Leader","floor":31.0,"turns":5.0},{"damage":13.0,"enemies":"Champ","floor":33.0,"turns":11.0},{"damage":27.0,"enemies":"3 Darklings","floor":35.0,"turns":6.0},{"damage":0,"enemies":"Mind Bloom Boss Battle","floor":36,"turns":2},{"damage":0,"enemies":"3 Shapes","floor":38,"turns":5},{"damage":7,"enemies":"2 Orb Walkers","floor":39,"turns":6},{"damage":4,"enemies":"Nemesis","floor":40,"turns":7},{"damage":0,"enemies":"Maw","floor":47,"turns":6},{"damage":33,"enemies":"Reptomancer","floor":48,"turns":8},{"damage":100079,"enemies":"Donu and Deca","floor":50,"turns":8}],"seed_played":"-4672497535307241618","potions_obtained":[{"floor":6.0,"key":"StancePotion"},{"floor":8.0,"key":"SteroidPotion"},{"floor":11.0,"key":"Block Potion"},{"floor":14.0,"key":"Fire Potion"},{"floor":19.0,"key":"Strength Potion"},{"floor":23.0,"key":"Energy Potion"},{"floor":28.0,"key":"Block Potion"},{"floor":30.0,"key":"Strength Potion"},{"floor":33.0,"key":"Poison Potion"},{"floor":39,"key":"Weak Potion"},{"floor":40,"key":"Fruit Juice"},{"floor":48,"key":"StancePotion"}],"is_trial":false,"path_per_floor":["M","?","M","?","M","E","R","M","T","R","M","R","M","M","R","B",null,"M","M","M","?","T","E","M","R","T","R","M","$","M","E","R","B",null,"M","?","$","M","?","E","R","?","T","R","$","R","M","E","R","B"],"character_chosen":"WATCHER","items_purchased":["MentalFortress","Vajra","Sling","SteroidPotion","Dexterity Potion","Adaptation","Yang"],"campfire_rested":5,"item_purchase_floors":[29,29,29,29,29,37,37],"current_hp_per_floor":[61,50,50,37,35,18,37,31,31,31,28,47,47,44,44,31,65,58,45,33,33,33,4,5,24,24,43,43,43,43,50,50,47,72,50,50,50,50,48,67,67,67,67,67,67,67,79,56,81,0],"gold":79,"neow_bonus":"THREE_CARDS","is_prod":false,"is_daily":false,"chose_seed":false,"campfire_upgraded":6,"win_rate":0,"timestamp":1568475880,"path_taken":["M","?","M","?","M","E","R","M","T","R","M","R","M","M","R","BOSS","M","M","M","?","?","E","M","R","T","R","M","$","M","E","R","BOSS","M","?","$","M","?","E","R","?","T","R","?","R","M","E","R","BOSS"],"build_version":"2019-09-12","purchased_purges":1,"victory":false,"max_hp_per_floor":[65,65,65,65,65,65,65,65,65,65,65,65,65,65,65,65,65,65,65,65,65,65,65,65,65,65,65,65,65,65,72,72,72,72,72,72,72,72,72,79,79,79,79,79,79,79,83,85,85,85],"card_choices":[{"not_picked":["BowlingBash","ThirdEye"],"picked":"FollowUp","floor":0.0},{"not_picked":["Consecrate","Protect"],"picked":"EmptyFist","floor":1.0},{"not_picked":["WindmillStrike","DeceiveReality"],"picked":"Vengeance","floor":3.0},{"not_picked":["CrushJoints","ThirdEye"],"picked":"EmptyMind","floor":5.0},{"not_picked":["BowlingBash","Sanctity","EmptyMind"],"picked":"SKIP","floor":6.0},{"not_picked":["Sanctity","JustLucky"],"picked":"FearNoEvil","floor":8.0},{"not_picked":["Worship","JustLucky","Clarity"],"picked":"SKIP","floor":11.0},{"not_picked":["Scrawl","BowlingBash"],"picked":"Establishment","floor":13.0},{"not_picked":["WindmillStrike","Swivel"],"picked":"MasterReality","floor":14.0},{"not_picked":["Ragnarok","Alpha"],"picked":"Blasphemy","floor":16.0},{"not_picked":["CrushJoints+1","EmptyFist"],"picked":"CleanseEvil+1","floor":18.0},{"not_picked":["ThirdEye","EmptyBody"],"picked":"Protect","floor":19.0},{"not_picked":["FlyingSleeves","Vengeance+1"],"picked":"TalkToTheHand+1","floor":20.0},{"not_picked":["Sanctity","Crescendo"],"picked":"StepAndStrike","floor":23.0},{"not_picked":["BowlingBash","FlyingSleeves"],"picked":"LessonLearned","floor":24.0},{"not_picked":["EmptyFist","Sanctity","StepAndStrike+1"],"picked":"SKIP","floor":24.0},{"not_picked":["EmptyFist","Weave"],"picked":"EmptyBody+1","floor":28.0},{"not_picked":["Wireheading+1","Weave+1","FollowUp"],"picked":"SKIP","floor":28.0},{"not_picked":["ReachHeaven","CleanseEvil+1"],"picked":"Prostrate+1","floor":30.0},{"not_picked":["EmptyFist","WreathOfFlame"],"picked":"Prostrate+1","floor":30.0},{"not_picked":["Establishment","ThirdEye","FlyingSleeves"],"picked":"SKIP","floor":31.0},{"not_picked":["Crescendo+1","Weave+1"],"picked":"CrushJoints+1","floor":35.0},{"not_picked":["Halt","Nirvana"],"picked":"Meditate","floor":35.0},{"not_picked":["EmptyFist","Weave+1"],"picked":"Worship","floor":36},{"not_picked":["Crescendo","ThirdEye+1","Adaptation+1"],"picked":"SKIP","floor":38},{"not_picked":["CrushJoints+1","Prostrate","PathToVictory"],"picked":"SKIP","floor":38},{"not_picked":["BowlingBash","FollowUp"],"picked":"WindmillStrike","floor":39},{"not_picked":["DeceiveReality","BowlingBash","TalkToTheHand+1"],"picked":"Singing Bowl","floor":40},{"not_picked":["WindmillStrike","EmptyMind+1","CutThroughFate+1"],"picked":"Singing Bowl","floor":47},{"not_picked":["Crescendo","Prostrate+1","DeceiveReality"],"picked":"Singing Bowl","floor":47},{"not_picked":["Ragnarok","WreathOfFlame","Meditate"],"picked":"Singing Bowl","floor":48}],"player_experience":1711428,"relics_obtained":[{"floor":6.0,"key":"The Courier"},{"floor":9.0,"key":"CaptainsWheel"},{"floor":22.0,"key":"Toy Ornithopter"},{"floor":23.0,"key":"Prayer Wheel"},{"floor":26.0,"key":"Letter Opener"},{"floor":31.0,"key":"Strawberry"},{"floor":36,"key":"FossilizedHelix"},{"floor":39,"key":"Bird Faced Urn"},{"floor":40,"key":"Singing Bowl"},{"floor":43,"key":"PreservedInsect"},{"floor":48,"key":"Centennial Puzzle"}],"event_choices":[{"damage_healed":0.0,"max_hp_gain":0.0,"max_hp_loss":0.0,"gold_gain":75.0,"event_name":"World of Goop","player_choice":"Gather Gold","floor":2.0,"gold_loss":0.0,"damage_taken":11.0},{"damage_healed":0.0,"max_hp_gain":0.0,"max_hp_loss":0.0,"gold_gain":0.0,"event_name":"Shining Light","player_choice":"Entered Light","floor":4.0,"gold_loss":0.0,"damage_taken":13.0,"cards_upgraded":["Strike_P","Defend_P"]},{"damage_healed":0.0,"max_hp_gain":0.0,"max_hp_loss":0.0,"gold_gain":0.0,"cards_transformed":["Strike_P","Defend_P"],"event_name":"Drug Dealer","player_choice":"Became Test Subject","floor":21.0,"gold_loss":0.0,"damage_taken":0.0,"cards_obtained":["Brilliance","DeceiveReality"]},{"damage_healed":0,"gold_gain":0,"player_choice":"Fight","damage_taken":0,"max_hp_gain":0,"max_hp_loss":0,"event_name":"MindBloom","floor":36,"gold_loss":0},{"damage_healed":0,"gold_gain":0,"player_choice":"Fight","damage_taken":0,"max_hp_gain":0,"max_hp_loss":0,"event_name":"Mysterious Sphere","floor":39,"gold_loss":0},{"damage_healed":0,"gold_gain":0,"player_choice":"Paid","damage_taken":0,"relics_obtained":["Red Mask"],"max_hp_gain":0,"max_hp_loss":0,"event_name":"Tomb of Lord Red Mask","floor":42,"gold_loss":129}],"is_beta":true,"boss_relics":[{"not_picked":["Snecko Eye","Pandora\u0027s Box"],"picked":"Runic Pyramid"},{"not_picked":["Runic Dome","SacredBark"],"picked":"Philosopher\u0027s Stone"}],"items_purged_floors":[29],"is_endless":false,"potions_floor_spawned":[6,8,11,14,19,23,28,30,33,39,40,48],"killed_by":"Donu and Deca","ascension_level":4}