{"gold_per_floor":[117,117,117,136,152,152,166,201,201,201,234,7,19,51,51,149,149,168,187,187,187,19,19,44,61,61,96,96,112,140,159,159,255,255,275,291,338,351,351,351,91,91,91,108,108,169,183,32,32,32],"floor_reached":51,"playtime":5465,"items_purged":["Strike_P","Defend_P"],"score":1150,"play_id":"cda2d6af-286e-485b-aaf5-1eb51b215608","local_time":"20190917001842","is_ascension_mode":true,"campfire_choices":[{"data":"Nirvana","floor":6,"key":"SMITH"},{"floor":10,"key":"REST"},{"data":"Strike_P","floor":15,"key":"PURGE"},{"data":"DevaForm","floor":23,"key":"SMITH"},{"data":"Strike_P","floor":28,"key":"PURGE"},{"data":"MentalFortress","floor":32,"key":"SMITH"},{"data":"FlowState","floor":40,"key":"SMITH"},{"data":"Strike_P","floor":42,"key":"PURGE"},{"data":"Defend_P","floor":45,"key":"SMITH"},{"data":"Defend_P","floor":49,"key":"PURGE"}],"neow_cost":"NONE","seed_source_timestamp":421460837634400,"circlet_count":0,"master_deck":["Defend_P+1","Eruption","Vigilance","EmptyBody","Nirvana+1","FollowUp","Consecrate","Wallop","DevaForm+1","FearNoEvil","FlurryOfBlows","Conclude","Adaptation","EmptyFist","EmptyMind","MentalFortress+1","FlowState+1","WindmillStrike+1","InnerPeace","Adaptation+1"],"special_seed":0,"relics":["HolyWater","Ancient Tea Set","HornCleat","Peace Pipe","PreservedInsect","Meat on the Bone","Coffee Dripper","TeardropLocket","Incense Burner","Pear","Potion Belt","Prayer Wheel","SsserpentHead","Shuriken","Letter Opener"],"potions_floor_usage":[8,11,14,27,31,31,31,33,33,36,37,37,37,37,37,46,50,50],"damage_taken":[{"damage":2.0,"enemies":"Jaw Worm","floor":1.0,"turns":5.0},{"damage":5.0,"enemies":"Small Slimes","floor":4.0,"turns":4.0},{"damage":1,"enemies":"Cultist","floor":5,"turns":3},{"damage":3,"enemies":"Looter","floor":7,"turns":3},{"damage":24,"enemies":"3 Sentries","floor":8,"turns":7},{"damage":2,"enemies":"Gremlin Nob","floor":11,"turns":3},{"damage":0,"enemies":"Blue Slaver","floor":13,"turns":5},{"damage":11,"enemies":"Lagavulin","floor":14,"turns":6},{"damage":0,"enemies":"Hexaghost","floor":16,"turns":9},{"damage":0,"enemies":"2 Thieves","floor":18,"turns":3},{"damage":1,"enemies":"Shell Parasite","floor":19,"turns":5},{"damage":0,"enemies":"Book of Stabbing","floor":24,"turns":3},{"damage":7,"enemies":"Sentry and Sphere","floor":25,"turns":6},{"damage":0,"enemies":"Gremlin Leader","floor":27,"turns":6},{"damage":2,"enemies":"Shelled Parasite and Fungi","floor":29,"turns":4},{"damage":4,"enemies":"Book of Stabbing","floor":30,"turns":4},{"damage":3,"enemies":"Centurion and Healer","floor":31,"turns":7},{"damage":0,"enemies":"Champ","floor":33,"turns":11},{"damage":5,"enemies":"3 Darklings","floor":35,"turns":5},{"damage":0,"enemies":"3 Shapes","floor":36,"turns":3},{"damage":17,"enemies":"2 Orb Walkers","floor":37,"turns":6},{"damage":17,"enemies":"Jaw Worm Horde","floor":38,"turns":4},{"damage":1,"enemies":"Sphere and 2 Shapes","floor":44,"turns":4},{"damage":0,"enemies":"Transient","floor":46,"turns":5},{"damage":0,"enemies":"Maw","floor":47,"turns":4},{"damage":24,"enemies":"Donu and Deca","floor":50,"turns":6}],"seed_played":"8532064513330290120","potions_obtained":[{"floor":0.0,"key":"EssenceOfSteel"},{"floor":0.0,"key":"Regen Potion"},{"floor":0.0,"key":"SteroidPotion"},{"floor":8,"key":"SkillPotion"},{"floor":11,"key":"EntropicBrew"},{"floor":25,"key":"Block Potion"},{"floor":27,"key":"EntropicBrew"},{"floor":31,"key":"PowerPotion"},{"floor":33,"key":"EssenceOfSteel"},{"floor":36,"key":"FearPotion"},{"floor":37,"key":"Energy Potion"},{"floor":38,"key":"DuplicationPotion"}],"is_trial":false,"path_per_floor":["M","?","?","M","M","R","M","E","T","R","E","$","M","E","R","B",null,"M","M","?","?","$","R","E","M","T","E","R","M","E","M","R","B",null,"M","M","?","M","?","R","$","R","T","M","R","M","M","$","R","B",null],"character_chosen":"WATCHER","items_purchased":["PreservedInsect","Adaptation","EmptyFist","Poison Potion","Shuriken","Energy Potion"],"campfire_rested":1,"item_purchase_floors":[12,22,22,22,41,48],"current_hp_per_floor":[57,57,57,52,51,51,48,39,39,58,56,56,56,45,45,45,60,60,59,59,59,59,59,59,52,52,62,62,60,56,68,68,68,73,68,68,51,46,46,46,46,46,46,45,45,45,45,45,45,33],"gold":32,"neow_bonus":"THREE_SMALL_POTIONS","is_prod":false,"is_daily":false,"chose_seed":false,"campfire_upgraded":5,"win_rate":0,"timestamp":1568675922,"path_taken":["M","?","?","M","M","R","M","E","T","R","E","$","?","E","R","BOSS","M","M","?","?","$","R","E","M","T","E","R","M","E","M","R","BOSS","M","M","?","M","?","R","$","R","T","M","R","?","M","$","R","BOSS"],"build_version":"2019-09-16","purchased_purges":2,"victory":true,"max_hp_per_floor":[65,65,65,65,65,65,65,65,65,65,65,65,65,65,65,65,65,65,65,65,65,65,65,65,65,65,75,75,75,75,75,75,75,75,75,75,75,75,75,75,75,75,75,75,75,75,75,75,75,75],"card_choices":[{"not_picked":["Swivel","DeceiveReality"],"picked":"EmptyBody","floor":1.0},{"not_picked":["Protect","BowlingBash"],"picked":"FollowUp","floor":4.0},{"not_picked":["JustLucky","WaveOfTheHand","ThirdEye"],"picked":"SKIP","floor":5},{"not_picked":["Weave","Devotion"],"picked":"Consecrate","floor":7},{"not_picked":["FollowUp","SashWhip"],"picked":"Wallop","floor":8},{"not_picked":["CleanseEvil","Conclude"],"picked":"DevaForm","floor":11},{"not_picked":["Prostrate","ForeignInfluence"],"picked":"FearNoEvil","floor":13},{"not_picked":["ThirdEye","Conclude"],"picked":"FlurryOfBlows","floor":14},{"not_picked":["ThirdEye","SashWhip+1","BowlingBash"],"picked":"SKIP","floor":18},{"not_picked":["Weave","SashWhip","EmptyBody"],"picked":"SKIP","floor":19},{"not_picked":["ClearTheMind","StepAndStrike+1","ThirdEye"],"picked":"SKIP","floor":24},{"not_picked":["FollowUp","ThirdEye","CutThroughFate+1"],"picked":"SKIP","floor":25},{"not_picked":["Protect","Consecrate"],"picked":"EmptyMind","floor":27},{"not_picked":["Wallop","Halt","ReachHeaven"],"picked":"SKIP","floor":29},{"not_picked":["Halt","Sanctity","FollowUp"],"picked":"SKIP","floor":30},{"not_picked":["CutThroughFate","TalkToTheHand"],"picked":"MentalFortress","floor":31},{"not_picked":["Nirvana","Judgement"],"picked":"FlowState","floor":33},{"not_picked":["JustLucky","Establishment"],"picked":"WindmillStrike+1","floor":35},{"not_picked":["Vengeance","SandsOfTime","JustLucky"],"picked":"SKIP","floor":36},{"not_picked":["CleanseEvil","ClearTheMind"],"picked":"InnerPeace","floor":38},{"not_picked":["ThirdEye+1","FlyingSleeves","TalkToTheHand"],"picked":"SKIP","floor":38},{"not_picked":["InnerPeace+1","Sanctity","ThirdEye"],"picked":"SKIP","floor":44},{"not_picked":["Protect","Blasphemy","JustLucky+1"],"picked":"SKIP","floor":44},{"not_picked":["Collect","EmptyFist+1"],"picked":"Adaptation+1","floor":46},{"not_picked":["CleanseEvil+1","WaveOfTheHand","TalkToTheHand+1"],"picked":"SKIP","floor":46},{"not_picked":["Consecrate+1","WindmillStrike","Halt"],"picked":"SKIP","floor":47},{"not_picked":["ClearTheMind","Halt+1","SignatureMove"],"picked":"SKIP","floor":47}],"player_experience":1760788,"relics_obtained":[{"floor":8,"key":"Ancient Tea Set"},{"floor":9,"key":"HornCleat"},{"floor":11,"key":"Peace Pipe"},{"floor":14,"key":"Meat on the Bone"},{"floor":24,"key":"TeardropLocket"},{"floor":26,"key":"Incense Burner"},{"floor":27,"key":"Pear"},{"floor":30,"key":"Potion Belt"},{"floor":37,"key":"Prayer Wheel"},{"floor":43,"key":"Letter Opener"}],"event_choices":[{"damage_healed":0.0,"max_hp_gain":0.0,"max_hp_loss":0.0,"gold_gain":0.0,"event_name":"Liars Game","player_choice":"Ignored","floor":2.0,"gold_loss":0.0,"damage_taken":0.0},{"damage_healed":0.0,"max_hp_gain":0.0,"max_hp_loss":0.0,"gold_gain":0.0,"event_name":"Match and Keep!","player_choice":"1 cards matched","floor":3.0,"gold_loss":0.0,"damage_taken":0.0,"cards_obtained":["Nirvana"]},{"damage_healed":0,"gold_gain":0,"player_choice":"Ignored","damage_taken":0,"max_hp_gain":0,"max_hp_loss":0,"event_name":"Beggar","floor":20,"gold_loss":0},{"damage_healed":0,"gold_gain":0,"cards_transformed":["Defend_P"],"player_choice":"Transformed","damage_taken":0,"max_hp_gain":0,"max_hp_loss":0,"event_name":"Transmorgrifier","floor":21,"gold_loss":0,"cards_obtained":["Conclude"]},{"damage_healed":0,"gold_gain":0,"player_choice":"Fight","damage_taken":0,"max_hp_gain":0,"max_hp_loss":0,"event_name":"Mysterious Sphere","floor":37,"gold_loss":0},{"damage_healed":0,"gold_gain":0,"player_choice":"Trade","damage_taken":0,"relics_obtained":["SsserpentHead"],"max_hp_gain":0,"max_hp_loss":0,"event_name":"FaceTrader","floor":39,"gold_loss":0}],"is_beta":true,"boss_relics":[{"not_picked":["Philosopher\u0027s Stone","Pandora\u0027s Box"],"picked":"Coffee Dripper"},{"not_picked":["Velvet Choker","Runic Dome"],"picked":"HolyWater"}],"items_purged_floors":[12,48],"is_endless":false,"potions_floor_spawned":[5,8,11,25,27,31,33,36,37,38],"ascension_level":7}