{"gold_per_floor":[367,36,55,68,78,78,90,123,196,196,226,239,239,239,239,334,334,344,359,359,371,75,85,116,166,166,184,184,184],"floor_reached":29,"playtime":4081,"items_purged":[],"score":270,"play_id":"6a2a8be0-15ea-48f1-baf7-975f9f8a0fdc","local_time":"20190912214333","is_ascension_mode":true,"campfire_choices":[{"data":"Wallop","floor":6,"key":"SMITH"},{"floor":10,"key":"REST"},{"floor":13,"key":"REST"},{"data":"WreathOfFlame","floor":15,"key":"SMITH"},{"floor":28,"key":"REST"}],"neow_cost":"TEN_PERCENT_HP_LOSS","seed_source_timestamp":67978215853400,"circlet_count":0,"master_deck":["Strike_P","Strike_P","Strike_P","Strike_P","Defend_P","Defend_P","Defend_P","Defend_P","Eruption","Vigilance","Prostrate","Wallop+1","Prostrate","DeceiveReality","Meditate","EmptyMind","Ragnarok","WreathOfFlame+1","FlyingSleeves","MasterReality","SandsOfTime","ThirdEye+1","EmptyMind+1","CutThroughFate+1","Alpha+1"],"relics":["PureWater","Blood Vial","Pen Nib","Bottled Flame","Calipers","Sozu","Toxic Egg 2","Melange","Question Card"],"potions_floor_usage":[7,12,12,16,24,29],"damage_taken":[{"damage":14,"enemies":"Cultist","floor":1,"turns":5},{"damage":0,"enemies":"Jaw Worm","floor":3,"turns":3},{"damage":0,"enemies":"Small Slimes","floor":4,"turns":3},{"damage":2,"enemies":"2 Fungi Beasts","floor":5,"turns":6},{"damage":2,"enemies":"Lots of Slimes","floor":7,"turns":7},{"damage":34,"enemies":"Gremlin Nob","floor":8,"turns":4},{"damage":34,"enemies":"3 Sentries","floor":11,"turns":7},{"damage":2,"enemies":"Exordium Wildlife","floor":12,"turns":8},{"damage":30,"enemies":"The Guardian","floor":16,"turns":9},{"damage":0,"enemies":"Shell Parasite","floor":18,"turns":4},{"damage":10,"enemies":"3 Byrds","floor":19,"turns":6},{"damage":4,"enemies":"Centurion and Healer","floor":21,"turns":6},{"damage":12,"enemies":"Snake Plant","floor":23,"turns":5},{"damage":7,"enemies":"Gremlin Leader","floor":24,"turns":8},{"damage":31,"enemies":"Sentry and Sphere","floor":27,"turns":7},{"damage":23,"enemies":"Book of Stabbing","floor":29,"turns":8}],"seed_played":"-7510200461195732895","potions_obtained":[{"floor":3,"key":"SneckoOil"},{"floor":4,"key":"SpeedPotion"},{"floor":7,"key":"Dexterity Potion"},{"floor":11,"key":"StancePotion"},{"floor":12,"key":"PowerPotion"},{"floor":16,"key":"SteroidPotion"}],"is_trial":false,"path_per_floor":["M","$","M","M","M","R","M","E","T","R","E","M","R","?","R","B",null,"M","M","?","M","$","M","E","?","T","M","R","E"],"character_chosen":"WATCHER","items_purchased":["Wallop","Blood Vial","Prostrate","Toxic Egg 2","ThirdEye+1"],"campfire_rested":3,"item_purchase_floors":[2,2,2,22,22],"current_hp_per_floor":[45,45,47,49,49,49,49,17,17,34,2,2,19,38,38,10,59,59,49,49,47,47,37,32,32,32,3,20,0],"gold":184,"neow_bonus":"TWO_FIFTY_GOLD","is_prod":false,"is_daily":false,"chose_seed":false,"campfire_upgraded":2,"win_rate":0,"timestamp":1568321013,"path_taken":["M","$","M","M","?","R","M","E","T","R","E","M","R","?","R","BOSS","M","M","?","M","$","M","E","?","T","M","R","E"],"build_version":"2019-09-11v2","purchased_purges":0,"victory":false,"max_hp_per_floor":[59,59,59,59,59,59,59,59,59,59,59,59,59,59,59,59,59,59,59,59,59,59,59,59,59,59,59,59,59],"card_choices":[{"not_picked":["Consecrate","CrushJoints"],"picked":"Prostrate","floor":1},{"not_picked":["JustLucky","SpiritShield","BowlingBash"],"picked":"SKIP","floor":3},{"not_picked":["FlurryOfBlows","Halt"],"picked":"DeceiveReality","floor":4},{"not_picked":["BowlingBash","ClearTheMind"],"picked":"Meditate","floor":5},{"not_picked":["CrushJoints","WindmillStrike"],"picked":"EmptyMind","floor":7},{"not_picked":["Weave","FlyingSleeves"],"picked":"Ragnarok","floor":8},{"not_picked":["JustLucky","Scrawl"],"picked":"WreathOfFlame","floor":11},{"not_picked":["StepAndStrike","CleanseEvil"],"picked":"FlyingSleeves","floor":12},{"not_picked":["Wish","Brilliance"],"picked":"MasterReality","floor":16},{"not_picked":["FlyingSleeves","Protect"],"picked":"SandsOfTime","floor":18},{"not_picked":["FollowUp","FlyingSleeves","Prostrate"],"picked":"SKIP","floor":19},{"not_picked":["ThirdEye","FlyingSleeves","JustLucky+1"],"picked":"SKIP","floor":21},{"not_picked":["Consecrate","Wireheading"],"picked":"EmptyMind+1","floor":23},{"not_picked":["PathToVictory+1","ClearTheMind+1"],"picked":"CutThroughFate+1","floor":24},{"not_picked":["ThirdEye+1","EmptyBody+1","Consecrate+1"],"picked":"Alpha+1","floor":27}],"player_experience":1689542,"relics_obtained":[{"floor":8,"key":"Pen Nib"},{"floor":9,"key":"Bottled Flame"},{"floor":11,"key":"Calipers"},{"floor":24,"key":"Melange"},{"floor":26,"key":"Question Card"}],"event_choices":[{"damage_healed":19,"gold_gain":0,"player_choice":"Banana","damage_taken":0,"max_hp_gain":0,"max_hp_loss":0,"event_name":"Big Fish","floor":14,"gold_loss":0},{"damage_healed":0,"gold_gain":0,"player_choice":"Ignored","damage_taken":0,"max_hp_gain":0,"max_hp_loss":0,"event_name":"The Mausoleum","floor":20,"gold_loss":0},{"damage_healed":0,"gold_gain":100,"player_choice":"Bet on Murderer","damage_taken":0,"max_hp_gain":0,"max_hp_loss":0,"event_name":"The Joust","floor":25,"gold_loss":50}],"is_beta":true,"boss_relics":[{"not_picked":["HolyWater","Runic Dome"],"picked":"Sozu"}],"items_purged_floors":[],"is_endless":false,"potions_floor_spawned":[3,4,7,11,12,16,18,21,23,27],"killed_by":"Book of Stabbing","ascension_level":1}