{"gold_per_floor":[112,10,29,29,43,87,87,127,204,220,23,58,76,76,76,197,197,215,26,26,62,62,117,154,209,209,209,262,177,230,260,260,377,377,412,412,463,503,513,564,40,40,40,74,109,162,174,0,12,24],"floor_reached":51,"playtime":6549,"items_purged":["Strike_P","Defend_P"],"score":1350,"play_id":"2575ac40-222d-4caf-bf0f-d8eb8bc5fb06","local_time":"20190915223253","is_ascension_mode":true,"campfire_choices":[{"floor":7.0,"key":"REST"},{"data":"DevaForm","floor":15.0,"key":"SMITH"},{"data":"DevaForm","floor":32,"key":"SMITH"},{"data":"MentalFortress","floor":42,"key":"SMITH"},{"data":"FlyingSleeves","floor":47,"key":"SMITH"},{"data":"EmptyFist","floor":49,"key":"SMITH"}],"neow_cost":"NONE","seed_source_timestamp":327232699632700,"circlet_count":0,"master_deck":["Strike_P+1","Strike_P","Strike_P","Defend_P","Defend_P","Defend_P","Eruption","Vigilance","Vengeance","EmptyFist+1","MentalFortress+1","Protect","Establishment","Adaptation","EmptyMind","FlyingSleeves+1","DevaForm+1","DevaForm+1","Protect+1","HandOfGreed","RitualDagger","Consecrate+1","DeceiveReality","MasterReality","ClearTheMind+1","InnerPeace","Worship+1"],"special_seed":0,"relics":["PureWater","Oddly Smooth Stone","Bloody Idol","CloakClasp","Vajra","The Courier","Mummified Hand","Black Star","Bag of Marbles","PreservedInsect","Dead Branch","Bottled Lightning","MealTicket","Bag of Preparation","Boot","Pen Nib","Lizard Tail","Meat on the Bone","Melange","Cursed Key","Gambling Chip","Regal Pillow","Bottled Flame","Shuriken","Ornamental Fan","Frozen Egg 2","Yang","Bird Faced Urn","MawBank","Red Mask"],"potions_floor_usage":[37,37],"damage_taken":[{"damage":0.0,"enemies":"2 Louse","floor":1.0,"turns":1.0},{"damage":0.0,"enemies":"Small Slimes","floor":3.0,"turns":3.0},{"damage":0.0,"enemies":"Jaw Worm","floor":5.0,"turns":3.0},{"damage":15.0,"enemies":"Lagavulin","floor":6.0,"turns":9.0},{"damage":0.0,"enemies":"3 Sentries","floor":8.0,"turns":15.0},{"damage":0.0,"enemies":"Blue Slaver","floor":10.0,"turns":4.0},{"damage":0.0,"enemies":"Lagavulin","floor":12.0,"turns":6.0},{"damage":0.0,"enemies":"Looter","floor":13.0,"turns":4.0},{"damage":4.0,"enemies":"Hexaghost","floor":16.0,"turns":12.0},{"damage":8.0,"enemies":"3 Byrds","floor":18.0,"turns":6.0},{"damage":6.0,"enemies":"2 Thieves","floor":21.0,"turns":5.0},{"damage":10.0,"enemies":"Gremlin Leader","floor":23.0,"turns":13.0},{"damage":7.0,"enemies":"Centurion and Healer","floor":24.0,"turns":10.0},{"damage":8.0,"enemies":"Book of Stabbing","floor":25.0,"turns":8.0},{"damage":1,"enemies":"Gremlin Leader","floor":28,"turns":7},{"damage":0,"enemies":"Book of Stabbing","floor":30,"turns":6},{"damage":0,"enemies":"Sentry and Sphere","floor":31,"turns":5},{"damage":11,"enemies":"Collector","floor":33,"turns":17},{"damage":0,"enemies":"Orb Walker","floor":35,"turns":2},{"damage":0,"enemies":"2 Orb Walkers","floor":37,"turns":4},{"damage":0,"enemies":"3 Darklings","floor":38,"turns":6},{"damage":0,"enemies":"Transient","floor":39,"turns":5},{"damage":0,"enemies":"Giant Head","floor":40,"turns":8},{"damage":6,"enemies":"Nemesis","floor":44,"turns":5},{"damage":0,"enemies":"Maw","floor":45,"turns":10},{"damage":0,"enemies":"Giant Head","floor":46,"turns":5},{"damage":0,"enemies":"Time Eater","floor":50,"turns":11}],"seed_played":"5372188897999241800","potions_obtained":[{"floor":3.0,"key":"Explosive Potion"},{"floor":5.0,"key":"Weak Potion"},{"floor":10.0,"key":"Fire Potion"},{"floor":16.0,"key":"AttackPotion"},{"floor":18.0,"key":"StancePotion"},{"floor":28,"key":"DuplicationPotion"},{"floor":30,"key":"Weak Potion"},{"floor":33,"key":"Swift Potion"},{"floor":40,"key":"Swift Potion"}],"is_trial":false,"path_per_floor":["M","$","M","?","M","E","R","E","T","M","$","E","M","?","R","B",null,"M","$","?","M","?","E","M","E","T","T","E","?","E","M","R","B",null,"M","?","?","M","M","E","$","R","T","E","M","E","R","?","R","B",null],"character_chosen":"WATCHER","items_purchased":["EmptyFist","SteroidPotion","Adaptation","EmptyMind","FlyingSleeves","HandOfGreed","Strength Potion","Shuriken","Ornamental Fan","AttackPotion"],"campfire_rested":1,"item_purchase_floors":[2,2,11,11,11,19,19,41,41,41],"current_hp_per_floor":[59,59,59,43,43,28,47,47,47,47,47,47,47,52,52,48,65,57,57,51,45,45,45,48,50,50,50,59,59,69,70,70,69,70,70,60,65,70,70,70,70,70,70,69,70,70,70,70,70,70],"gold":36,"neow_bonus":"RANDOM_COMMON_RELIC","is_prod":false,"is_daily":false,"chose_seed":false,"campfire_upgraded":5,"win_rate":0,"timestamp":1568583173,"path_taken":["M","$","M","?","M","E","R","E","T","M","$","E","M","?","R","BOSS","M","$","?","M","?","E","M","E","T","?","E","?","E","M","R","BOSS","M","?","?","M","M","E","$","R","T","E","M","E","R","?","R","BOSS"],"build_version":"2019-09-12","purchased_purges":2,"victory":true,"max_hp_per_floor":[65,65,65,65,65,65,65,65,65,65,65,65,65,70,70,70,70,70,70,70,70,70,70,70,70,70,70,70,70,70,70,70,70,70,70,70,70,70,70,70,70,70,70,70,70,70,70,70,70,70],"card_choices":[{"not_picked":["Halt","Crescendo"],"picked":"Vengeance","floor":1.0},{"not_picked":["BowlingBash","Scrawl","JustLucky"],"picked":"SKIP","floor":3.0},{"not_picked":["Protect","EmptyBody"],"picked":"MentalFortress","floor":5.0},{"not_picked":["Metaphysics","FollowUp"],"picked":"Protect","floor":6.0},{"not_picked":["FollowUp","Clarity","Prostrate"],"picked":"SKIP","floor":8.0},{"not_picked":["Sanctity","BowlingBash"],"picked":"Establishment","floor":10.0},{"not_picked":["Weave","ThirdEye"],"picked":"DevaForm","floor":12.0},{"not_picked":["CrushJoints","ThirdEye","Fasting"],"picked":"SKIP","floor":13.0},{"not_picked":["Pray","Unraveling"],"picked":"DevaForm","floor":16.0},{"not_picked":["ClearTheMind","Establishment"],"picked":"Protect+1","floor":18.0},{"not_picked":["Collect","SpiritShield+1","BowlingBash+1"],"picked":"SKIP","floor":21.0},{"not_picked":["Weave","EmptyMind","Scrawl"],"picked":"SKIP","floor":23.0},{"not_picked":["Protect+1","FollowUp","CrushJoints"],"picked":"SKIP","floor":24.0},{"not_picked":["WindmillStrike+1","FlyingSleeves+1"],"picked":"Consecrate+1","floor":25.0},{"not_picked":["Vengeance+1","Unraveling"],"picked":"DeceiveReality","floor":28},{"not_picked":["Fasting","Halt"],"picked":"MasterReality","floor":30},{"not_picked":["SpiritShield","Collect+1","EmptyBody"],"picked":"SKIP","floor":31},{"not_picked":["CleanseEvil+1","Crescendo","ThirdEye"],"picked":"SKIP","floor":35},{"not_picked":["Sanctity","CutThroughFate+1"],"picked":"ClearTheMind+1","floor":37},{"not_picked":["Consecrate","ThirdEye","TalkToTheHand+1"],"picked":"SKIP","floor":38},{"not_picked":["FlurryOfBlows","Consecrate"],"picked":"InnerPeace","floor":39},{"not_picked":["Protect+1","SignatureMove"],"picked":"Worship+1","floor":40},{"not_picked":["ClearTheMind+1","FlyingSleeves","WreathOfFlame"],"picked":"SKIP","floor":44},{"not_picked":["WreathOfFlame+1","FlyingSleeves+1","Tantrum+1"],"picked":"SKIP","floor":45},{"not_picked":["JustLucky","SpiritShield+1","Perseverance"],"picked":"SKIP","floor":46}],"player_experience":1749265,"relics_obtained":[{"floor":6.0,"key":"CloakClasp"},{"floor":8.0,"key":"Vajra"},{"floor":9.0,"key":"The Courier"},{"floor":12.0,"key":"Mummified Hand"},{"floor":23.0,"key":"Bag of Marbles"},{"floor":23.0,"key":"PreservedInsect"},{"floor":25.0,"key":"Dead Branch"},{"floor":25.0,"key":"Bottled Lightning"},{"floor":26.0,"key":"MealTicket"},{"floor":27.0,"key":"Bag of Preparation"},{"floor":28,"key":"Boot"},{"floor":28,"key":"Pen Nib"},{"floor":30,"key":"Meat on the Bone"},{"floor":30,"key":"Melange"},{"floor":37,"key":"Gambling Chip"},{"floor":40,"key":"Regal Pillow"},{"floor":40,"key":"Bottled Flame"},{"floor":44,"key":"Frozen Egg 2"},{"floor":44,"key":"Yang"},{"floor":46,"key":"Bird Faced Urn"},{"floor":46,"key":"MawBank"}],"event_choices":[{"damage_healed":0.0,"max_hp_gain":0.0,"max_hp_loss":0.0,"gold_gain":0.0,"event_name":"Golden Idol","player_choice":"Take Damage","floor":4.0,"gold_loss":0.0,"damage_taken":16.0,"relics_obtained":["Golden Idol"]},{"damage_healed":0.0,"max_hp_gain":5.0,"max_hp_loss":0.0,"gold_gain":0.0,"event_name":"Big Fish","player_choice":"Donut","floor":14.0,"gold_loss":0.0,"damage_taken":0.0},{"damage_healed":0.0,"max_hp_gain":0.0,"max_hp_loss":0.0,"gold_gain":0.0,"event_name":"Nest","player_choice":"Joined the Cult","floor":20.0,"gold_loss":0.0,"damage_taken":6.0,"cards_obtained":["RitualDagger"]},{"damage_healed":0.0,"max_hp_gain":0.0,"max_hp_loss":0.0,"gold_gain":0.0,"event_name":"Forgotten Altar","player_choice":"Gave Idol","floor":22.0,"relics_lost":["Golden Idol"],"gold_loss":0.0,"damage_taken":0.0,"relics_obtained":["Bloody Idol"]},{"damage_healed":0,"gold_gain":0,"player_choice":"Obtained Relic","damage_taken":0,"relics_obtained":["Lizard Tail"],"max_hp_gain":0,"max_hp_loss":0,"event_name":"Addict","floor":29,"gold_loss":85},{"damage_healed":0,"gold_gain":0,"player_choice":"Memory 3","damage_taken":10,"max_hp_gain":0,"max_hp_loss":0,"event_name":"SensoryStone","floor":36,"gold_loss":0},{"damage_healed":0,"gold_gain":0,"player_choice":"Fight","damage_taken":0,"max_hp_gain":0,"max_hp_loss":0,"event_name":"Mysterious Sphere","floor":37,"gold_loss":0},{"damage_healed":0,"gold_gain":0,"player_choice":"Paid","damage_taken":0,"relics_obtained":["Red Mask"],"max_hp_gain":0,"max_hp_loss":0,"event_name":"Tomb of Lord Red Mask","floor":48,"gold_loss":186}],"is_beta":true,"boss_relics":[{"not_picked":["Pandora\u0027s Box","SacredBark"],"picked":"Black Star"},{"not_picked":["Velvet Choker","Busted Crown"],"picked":"Cursed Key"}],"items_purged_floors":[11,41],"is_endless":false,"potions_floor_spawned":[3,5,10,16,18,28,30,33,40,45],"ascension_level":6}