{"gold_per_floor":[211,211,9,21,38,38,57,57,57,88,107,107,140,140,140,240,240,251,211,231,38,84,84,9,25,25,55,67,134,146,192,204,321,333,345,357,369,401,423,435,447,459,547,569,121,121,121,135,135,135],"floor_reached":51,"playtime":7294,"items_purged":["Strike_P","Decay"],"score":1030,"play_id":"adaf471c-cf1e-4c0a-8fd6-d33a3ab95132","local_time":"20190918111449","is_ascension_mode":true,"campfire_choices":[{"data":"FlowState","floor":6.0,"key":"SMITH"},{"data":"Meditate","floor":8.0,"key":"SMITH"},{"data":"FlurryOfBlows","floor":12.0,"key":"SMITH"},{"data":"Eruption","floor":15.0,"key":"SMITH"},{"floor":23.0,"key":"REST"},{"data":"Protect","floor":30.0,"key":"SMITH"},{"floor":32,"key":"REST"},{"data":"DeceiveReality","floor":40,"key":"SMITH"},{"data":"DevaForm","floor":42,"key":"SMITH"},{"data":"Vigilance","floor":46,"key":"SMITH"},{"floor":49,"key":"REST"}],"neow_cost":"NONE","seed_source_timestamp":545379903298000,"circlet_count":0,"master_deck":["Strike_P","Defend_P","Defend_P","Defend_P","Eruption+1","Vigilance+1","ThirdEye","FlowState+1","Meditate+1","FlurryOfBlows+1","EmptyMind","Protect+1","FlowState+1","FearNoEvil","Evaluate+1","Adaptation","FollowUp+1","StepAndStrike+1","Establishment+1","CleanseEvil+1","DevaForm+1","DeceiveReality+1","Consecrate+1","WindmillStrike+1","Devotion+1"],"special_seed":0,"relics":["HolyWater","Sling","Potion Belt","Mummified Hand","Question Card","Lantern","MawBank","Tiny Chest","Lizard Tail","Philosopher\u0027s Stone","Bag of Marbles","Molten Egg 2","Vajra"],"potions_floor_usage":[31,35,50,50,50,50],"damage_taken":[{"damage":0.0,"enemies":"2 Louse","floor":1.0,"turns":3.0},{"damage":0.0,"enemies":"Cultist","floor":4.0,"turns":3.0},{"damage":1.0,"enemies":"Small Slimes","floor":5.0,"turns":4.0},{"damage":0.0,"enemies":"Red Slaver","floor":7.0,"turns":3.0},{"damage":20.0,"enemies":"Lagavulin","floor":10.0,"turns":7.0},{"damage":9.0,"enemies":"2 Fungi Beasts","floor":11.0,"turns":4.0},{"damage":0.0,"enemies":"3 Sentries","floor":13.0,"turns":4.0},{"damage":15.0,"enemies":"The Guardian","floor":16.0,"turns":13.0},{"damage":11.0,"enemies":"Shell Parasite","floor":18.0,"turns":4.0},{"damage":2.0,"enemies":"Chosen","floor":20.0,"turns":3.0},{"damage":1.0,"enemies":"Snecko","floor":25.0,"turns":7.0},{"damage":0.0,"enemies":"Centurion and Healer","floor":27.0,"turns":3.0},{"damage":0.0,"enemies":"Gremlin Leader","floor":29.0,"turns":6.0},{"damage":26,"enemies":"Slavers","floor":31,"turns":4},{"damage":31,"enemies":"Champ","floor":33,"turns":7},{"damage":0,"enemies":"3 Darklings","floor":35,"turns":1},{"damage":19,"enemies":"3 Shapes","floor":38,"turns":2},{"damage":0,"enemies":"Sphere and 2 Shapes","floor":39,"turns":7},{"damage":2,"enemies":"Writhing Mass","floor":44,"turns":10},{"damage":0,"enemies":"4 Shapes","floor":48,"turns":4},{"damage":12,"enemies":"Donu and Deca","floor":50,"turns":7}],"seed_played":"7073543018161027774","potions_obtained":[{"floor":10.0,"key":"Poison Potion"},{"floor":11.0,"key":"SteroidPotion"},{"floor":13.0,"key":"Poison Potion"},{"floor":16.0,"key":"Weak Potion"},{"floor":25.0,"key":"SkillPotion"},{"floor":29.0,"key":"SmokeBomb"},{"floor":31,"key":"SpeedPotion"},{"floor":39,"key":"Poison Potion"},{"floor":44,"key":"FearPotion"}],"is_trial":false,"path_per_floor":["M","?","$","M","M","R","M","R","T","E","M","R","E","?","R","B",null,"M","?","M","$","T","R","?","M","T","M","?","E","R","E","R","B",null,"M","T","?","M","M","R","T","R","T","M","$","R","?","M","R","B",null],"character_chosen":"WATCHER","items_purchased":["Sling","FearPotion","Adaptation","PowerPotion","Vajra","AttackPotion","Consecrate+1","StancePotion","WindmillStrike+1"],"campfire_rested":3,"item_purchase_floors":[3,3,21,21,45,45,45,45,45],"current_hp_per_floor":[59,59,59,59,58,58,58,58,58,38,29,29,29,29,29,14,52,41,41,39,39,39,58,58,57,57,57,57,57,57,31,50,19,54,54,54,54,35,35,35,35,35,35,33,33,33,33,33,52,40],"gold":135,"neow_bonus":"HUNDRED_GOLD","is_prod":false,"is_daily":false,"chose_seed":false,"campfire_upgraded":8,"win_rate":0,"timestamp":1568801689,"path_taken":["M","?","$","M","M","R","M","R","T","E","?","R","E","?","R","BOSS","M","?","M","$","?","R","?","M","T","M","?","E","R","E","R","BOSS","M","?","?","?","M","R","?","R","T","?","$","R","?","M","R","BOSS"],"build_version":"2019-09-17","purchased_purges":2,"victory":true,"max_hp_per_floor":[65,65,65,65,65,65,65,65,65,65,65,65,65,65,65,65,65,65,65,65,65,65,65,65,65,65,65,65,65,65,65,65,65,65,65,65,65,65,65,65,65,65,65,65,65,65,65,65,65,65],"card_choices":[{"not_picked":["Halt","CutThroughFate"],"picked":"ThirdEye","floor":1.0},{"not_picked":["EmptyBody","BowlingBash"],"picked":"Meditate","floor":4.0},{"not_picked":["Weave","EmptyBody"],"picked":"FlurryOfBlows","floor":5.0},{"not_picked":["ThirdEye","Sanctity","Evaluate"],"picked":"SKIP","floor":7.0},{"not_picked":["EmptyBody","ThirdEye"],"picked":"EmptyMind","floor":10.0},{"not_picked":["ClearTheMind","Tantrum","Sanctity"],"picked":"SKIP","floor":11.0},{"not_picked":["Collect","Crescendo"],"picked":"Protect","floor":13.0},{"not_picked":["Unraveling","Pray","Metaphysics"],"picked":"FlowState","floor":16.0},{"not_picked":["Halt","WaveOfTheHand+1","FollowUp"],"picked":"FearNoEvil","floor":18.0},{"not_picked":["EmptyFist","Crescendo","BowlingBash"],"picked":"Evaluate+1","floor":20.0},{"not_picked":["Adaptation","WreathOfFlame","Swivel"],"picked":"FollowUp+1","floor":25.0},{"not_picked":["FlyingSleeves","EmptyBody","Fasting"],"picked":"StepAndStrike+1","floor":27.0},{"not_picked":["MasterReality","Halt+1","EmptyMind+1"],"picked":"Establishment+1","floor":29.0},{"not_picked":["Collect+1","Halt","Omniscience"],"picked":"CleanseEvil+1","floor":31},{"not_picked":["Unraveling","MasterReality","FlowState"],"picked":"DevaForm","floor":33},{"not_picked":["EmptyBody","CleanseEvil","Adaptation","WaveOfTheHand+1"],"picked":"SKIP","floor":38},{"not_picked":["ClearTheMind","FearNoEvil","Swivel+1"],"picked":"DeceiveReality","floor":39},{"not_picked":["Prostrate+1","Meditate","Sanctity+1","Protect"],"picked":"SKIP","floor":44},{"not_picked":["Ragnarok+1","CutThroughFate+1","CrushJoints+1"],"picked":"Devotion+1","floor":48}],"player_experience":1768936,"relics_obtained":[{"floor":9.0,"key":"Potion Belt"},{"floor":10.0,"key":"Mummified Hand"},{"floor":13.0,"key":"Question Card"},{"floor":22.0,"key":"Lantern"},{"floor":26.0,"key":"MawBank"},{"floor":29.0,"key":"Tiny Chest"},{"floor":31,"key":"Lizard Tail"},{"floor":36,"key":"Bag of Marbles"},{"floor":43,"key":"Molten Egg 2"}],"event_choices":[{"damage_healed":0.0,"max_hp_gain":0.0,"max_hp_loss":0.0,"gold_gain":0.0,"event_name":"Match and Keep!","player_choice":"1 cards matched","floor":2.0,"gold_loss":0.0,"damage_taken":0.0,"cards_obtained":["FlowState"]},{"cards_removed":["Strike_P"],"damage_healed":0.0,"max_hp_gain":0.0,"max_hp_loss":0.0,"gold_gain":0.0,"event_name":"Bonfire Elementals","player_choice":"Offered Basic","floor":14.0,"gold_loss":0.0,"damage_taken":0.0},{"damage_healed":0.0,"max_hp_gain":0.0,"max_hp_loss":0.0,"gold_gain":0.0,"event_name":"Designer","player_choice":"Upgrade","floor":19.0,"gold_loss":40.0,"damage_taken":0.0,"cards_upgraded":["FlowState"]},{"cards_removed":["Defend_P"],"damage_healed":0.0,"max_hp_gain":0.0,"max_hp_loss":0.0,"gold_gain":0.0,"event_name":"Beggar","player_choice":"Gave Gold","floor":24.0,"gold_loss":75.0,"damage_taken":0.0},{"damage_healed":0.0,"max_hp_gain":0.0,"max_hp_loss":0.0,"gold_gain":0.0,"event_name":"Wheel of Change","player_choice":"Cursed","floor":28.0,"gold_loss":0.0,"damage_taken":0.0,"cards_obtained":["Decay"]},{"damage_healed":0,"gold_gain":0,"player_choice":"Ignored","damage_taken":0,"max_hp_gain":0,"max_hp_loss":0,"event_name":"Tomb of Lord Red Mask","floor":37,"gold_loss":0},{"cards_removed":["Strike_P"],"damage_healed":0,"gold_gain":0,"player_choice":"Purged","damage_taken":0,"max_hp_gain":0,"max_hp_loss":0,"event_name":"Purifier","floor":47,"gold_loss":0}],"is_beta":true,"boss_relics":[{"not_picked":["Velvet Choker","Snecko Eye"],"picked":"HolyWater"},{"not_picked":["Calling Bell","Coffee Dripper"],"picked":"Philosopher\u0027s Stone"}],"items_purged_floors":[21,45],"is_endless":false,"potions_floor_spawned":[10,11,13,16,25,29,31,35,39,44],"ascension_level":8}