{"gold_per_floor":[359,379,379,379,402,402,62,80,80,120,120,136,236,261,261,354,354,369,369,384,442,133,133,168,168,168,168,168],"floor_reached":28,"playtime":1696,"items_purged":["Strike_P","Strike_P"],"score":563,"play_id":"158bebee-7ef4-47c8-97ab-821be8c5f317","local_time":"20190929211732","is_ascension_mode":true,"campfire_choices":[{"floor":6.0,"key":"REST"},{"data":"ConjureBlade","floor":11.0,"key":"SMITH"},{"floor":15.0,"key":"REST"},{"floor":23,"key":"REST"},{"data":"Vigilance","floor":25,"key":"SMITH"},{"data":"SandsOfTime","floor":27,"key":"SMITH"}],"neow_cost":"TEN_PERCENT_HP_LOSS","seed_source_timestamp":1537557245098900,"circlet_count":0,"master_deck":["AscendersBane","Strike_P+1","Strike_P","Defend_P","Defend_P","Defend_P","Defend_P","Eruption+1","Vigilance+1","FollowUp","SandsOfTime+1","SashWhip","Conclude","Consecrate","InnerPeace","ThirdEye","ConjureBlade+1","Wish+1","Sanctity+1","Protect","LessonLearned","Meditate"],"special_seed":0,"relics":["PureWater","Turnip","Golden Idol","FossilizedHelix","Toy Ornithopter","Snecko Eye","Regal Pillow","Mummified Hand"],"potions_floor_usage":[24,24],"damage_taken":[{"damage":0.0,"enemies":"Small Slimes","floor":1.0,"turns":2.0},{"damage":0.0,"enemies":"Jaw Worm","floor":2.0,"turns":4.0},{"damage":0.0,"enemies":"Cultist","floor":5.0,"turns":4.0},{"damage":10.0,"enemies":"3 Louse","floor":8.0,"turns":4.0},{"damage":0.0,"enemies":"Lagavulin","floor":10.0,"turns":5.0},{"damage":12.0,"enemies":"Lots of Slimes","floor":12.0,"turns":2.0},{"damage":0.0,"enemies":"2 Fungi Beasts","floor":14.0,"turns":4.0},{"damage":0.0,"enemies":"Slime Boss","floor":16.0,"turns":4.0},{"damage":16.0,"enemies":"Shell Parasite","floor":18.0,"turns":6.0},{"damage":26.0,"enemies":"2 Thieves","floor":20.0,"turns":4.0},{"damage":1,"enemies":"Centurion and Healer","floor":21,"turns":6},{"damage":6,"enemies":"Book of Stabbing","floor":24,"turns":8},{"damage":22,"enemies":"Colosseum Slavers","floor":28,"turns":3},{"damage":7,"enemies":"Colosseum Nobs","floor":28,"turns":2}],"seed_played":"-5942380728355678333","potions_obtained":[{"floor":1.0,"key":"SpeedPotion"},{"floor":8.0,"key":"GamblersBrew"},{"floor":18.0,"key":"DuplicationPotion"}],"is_trial":false,"path_per_floor":["M","M","?","?","M","R","$","M","T","E","R","M","?","M","R","B",null,"M","?","M","M","$","R","E","R","T","R","?"],"character_chosen":"WATCHER","items_purchased":["Conclude","Consecrate","InnerPeace","ThirdEye","LessonLearned","Block Potion"],"campfire_rested":3,"item_purchase_floors":[7,7,7,7,22,22],"current_hp_per_floor":[61,61,5,5,5,21,21,11,11,11,11,4,4,4,20,20,47,31,31,5,4,4,20,24,24,24,24,0],"gold":168,"neow_bonus":"TWO_FIFTY_GOLD","is_prod":false,"is_daily":false,"chose_seed":false,"campfire_upgraded":3,"win_rate":0,"timestamp":1569788252,"path_taken":["M","M","?","?","M","R","?","?","T","E","R","M","?","?","R","BOSS","M","?","?","M","$","R","E","R","T","R","?"],"build_version":"2019-09-27","purchased_purges":2,"victory":false,"max_hp_per_floor":[62,62,62,56,56,56,56,56,56,56,56,56,56,56,56,56,56,56,56,56,56,56,56,56,56,56,56,56],"card_choices":[{"not_picked":["TalkToTheHand","Prostrate"],"picked":"FollowUp","floor":1.0},{"not_picked":["Vengeance","Sanctity"],"picked":"SandsOfTime","floor":2.0},{"not_picked":["MentalFortress","Weave"],"picked":"SashWhip","floor":5.0},{"not_picked":["FlyingSleeves","ClearTheMind","ThirdEye"],"picked":"SKIP","floor":8.0},{"not_picked":["FollowUp","SandsOfTime"],"picked":"ConjureBlade","floor":10.0},{"not_picked":["PathToVictory","Weave","CrushJoints"],"picked":"SKIP","floor":12.0},{"not_picked":["CutThroughFate","SashWhip","InnerPeace"],"picked":"SKIP","floor":14.0},{"not_picked":["ConjureBlade","LessonLearned"],"picked":"Wish","floor":16.0},{"not_picked":["FlyingSleeves+1","Evaluate","Halt+1"],"picked":"SKIP","floor":18.0},{"not_picked":["SashWhip","ClearTheMind"],"picked":"Sanctity+1","floor":20.0},{"not_picked":["Prostrate","WaveOfTheHand"],"picked":"Protect","floor":21},{"not_picked":["SashWhip","FollowUp"],"picked":"Meditate","floor":24}],"player_experience":1825869,"relics_obtained":[{"floor":9.0,"key":"FossilizedHelix"},{"floor":10.0,"key":"Toy Ornithopter"},{"floor":24,"key":"Regal Pillow"},{"floor":26,"key":"Mummified Hand"}],"event_choices":[{"damage_healed":0.0,"max_hp_gain":0.0,"max_hp_loss":0.0,"gold_gain":0.0,"event_name":"Scrap Ooze","player_choice":"Success","floor":3.0,"gold_loss":0.0,"damage_taken":56.0,"relics_obtained":["Turnip"]},{"damage_healed":0.0,"max_hp_gain":0.0,"max_hp_loss":6.0,"gold_gain":0.0,"event_name":"Golden Idol","player_choice":"Lose Max HP","floor":4.0,"gold_loss":0.0,"damage_taken":0.0,"relics_obtained":["Golden Idol"]},{"damage_healed":0.0,"max_hp_gain":0.0,"max_hp_loss":0.0,"gold_gain":100.0,"event_name":"Wheel of Change","player_choice":"Gold","floor":13.0,"gold_loss":0.0,"damage_taken":0.0},{"damage_healed":0.0,"max_hp_gain":0.0,"max_hp_loss":0.0,"gold_gain":0.0,"event_name":"Upgrade Shrine","player_choice":"Upgraded","floor":19.0,"gold_loss":0.0,"damage_taken":0.0,"cards_upgraded":["Wish"]},{"damage_healed":0,"gold_gain":0,"player_choice":"Fight","damage_taken":0,"max_hp_gain":0,"max_hp_loss":0,"event_name":"Colosseum","floor":28,"gold_loss":0},{"damage_healed":0,"gold_gain":0,"player_choice":"Fought Nobs","damage_taken":0,"max_hp_gain":0,"max_hp_loss":0,"event_name":"Colosseum","floor":28,"gold_loss":0}],"is_beta":true,"boss_relics":[{"not_picked":["Philosopher\u0027s Stone","Fusion Hammer"],"picked":"Snecko Eye"}],"items_purged_floors":[7,22],"is_endless":false,"potions_floor_spawned":[1,8,18,28],"killed_by":"Colosseum Nobs","ascension_level":16}