{"gold_per_floor":[116,116,116,135,135,135,160,160,183,209,153,153,153,166,166,245,245,257,151,151,14,14,14,29,29,29,49,84,107,119,145,157,169],"floor_reached":33,"playtime":2360,"items_purged":["Defend_P","Adaptation"],"score":578,"play_id":"ab58f219-0cdb-4e83-86a9-5702a7cce8c9","local_time":"20190929234401","is_ascension_mode":true,"campfire_choices":[{"data":"Eruption","floor":6.0,"key":"SMITH"},{"data":"DeceiveReality","floor":8.0,"key":"SMITH"},{"data":"Pray","floor":13.0,"key":"SMITH"},{"floor":15.0,"key":"REST"},{"data":"Sanctity","floor":25.0,"key":"SMITH"},{"floor":32,"key":"REST"}],"neow_cost":"NONE","seed_source_timestamp":1545636680756700,"circlet_count":0,"master_deck":["AscendersBane","Defend_P+1","Defend_P+1","Eruption+1","Vigilance","Pray+1","DeceiveReality+1","CrushJoints+1","Prostrate","WheelKick","Sanctity+1","Halt","Pray","CutThroughFate","MasterReality","WreathOfFlame"],"special_seed":0,"relics":["PureWater","Smiling Mask","InkBottle","War Paint","CaptainsWheel","Empty Cage","Lizard Tail","MawBank"],"potions_floor_usage":[31,33],"damage_taken":[{"damage":2.0,"enemies":"Jaw Worm","floor":1.0,"turns":3.0},{"damage":0.0,"enemies":"Small Slimes","floor":4.0,"turns":2.0},{"damage":24.0,"enemies":"Gremlin Nob","floor":7.0,"turns":3.0},{"damage":12.0,"enemies":"3 Sentries","floor":10.0,"turns":16.0},{"damage":2.0,"enemies":"2 Louse","floor":14.0,"turns":3.0},{"damage":0.0,"enemies":"Slime Boss","floor":16.0,"turns":4.0},{"damage":11.0,"enemies":"2 Thieves","floor":18.0,"turns":5.0},{"damage":9.0,"enemies":"3 Byrds","floor":24.0,"turns":8.0},{"damage":9.0,"enemies":"Snake Plant","floor":27.0,"turns":4.0},{"damage":6.0,"enemies":"Gremlin Leader","floor":28.0,"turns":6.0},{"damage":0.0,"enemies":"Centurion and Healer","floor":29.0,"turns":7.0},{"damage":0,"enemies":"Chosen and Byrds","floor":31,"turns":5},{"damage":134,"enemies":"Collector","floor":33,"turns":11}],"seed_played":"-389629085157716260","potions_obtained":[{"floor":1.0,"key":"SmokeBomb"},{"floor":4.0,"key":"Fire Potion"},{"floor":12.0,"key":"StancePotion"},{"floor":12.0,"key":"Fire Potion"},{"floor":16.0,"key":"Strength Potion"},{"floor":29.0,"key":"Ancient Potion"}],"is_trial":false,"path_per_floor":["M","?","?","M","?","R","E","R","T","E","?","?","R","M","R","B",null,"M","$","?","$","?","?","M","R","T","M","E","M","?","M","R","B"],"character_chosen":"WATCHER","items_purchased":["Sanctity","Pray"],"campfire_rested":2,"item_purchase_floors":[19,21],"current_hp_per_floor":[59,54,47,47,47,47,23,23,23,11,11,11,11,9,29,29,58,47,47,47,47,47,37,28,28,28,19,13,13,13,13,33,0],"gold":169,"neow_bonus":"ONE_RANDOM_RARE_CARD","is_prod":false,"is_daily":false,"chose_seed":false,"campfire_upgraded":4,"win_rate":0,"timestamp":1569797041,"path_taken":["M","?","?","M","?","R","E","R","T","E","?","?","R","?","R","BOSS","M","$","?","$","?","?","M","R","T","M","E","?","?","M","R","BOSS"],"build_version":"2019-09-27","purchased_purges":2,"victory":false,"max_hp_per_floor":[68,68,68,68,68,68,68,68,68,68,68,68,68,68,68,68,68,68,68,68,68,68,68,68,68,68,68,68,68,68,68,68,68],"card_choices":[{"not_picked":["Evaluate","FearNoEvil"],"picked":"DeceiveReality","floor":1.0},{"not_picked":["ThirdEye","Prostrate"],"picked":"CrushJoints","floor":4.0},{"not_picked":["FlurryOfBlows","Halt"],"picked":"Prostrate","floor":7.0},{"not_picked":["Worship","Indignation"],"picked":"WheelKick","floor":10.0},{"not_picked":["ClearTheMind","Crescendo"],"picked":"Adaptation","floor":14.0},{"not_picked":["Prostrate","WaveOfTheHand","CrushJoints"],"picked":"SKIP","floor":18.0},{"not_picked":["Prostrate","WaveOfTheHand","CrushJoints"],"picked":"SKIP","floor":18.0},{"not_picked":["ClearTheMind","Protect"],"picked":"CutThroughFate","floor":24.0},{"not_picked":["Devotion","EmptyBody+1"],"picked":"MasterReality","floor":27.0},{"not_picked":["Protect","CrushJoints","SashWhip"],"picked":"SKIP","floor":28.0},{"not_picked":["BattleHymn+1","ForeignInfluence"],"picked":"WreathOfFlame","floor":29.0},{"not_picked":["Conclude+1","Weave","FearNoEvil"],"picked":"SKIP","floor":31}],"player_experience":1832992,"relics_obtained":[{"floor":7.0,"key":"InkBottle"},{"floor":9.0,"key":"War Paint"},{"floor":10.0,"key":"CaptainsWheel"},{"floor":26.0,"key":"Lizard Tail"},{"floor":28.0,"key":"MawBank"}],"event_choices":[{"damage_healed":0.0,"max_hp_gain":0.0,"max_hp_loss":0.0,"gold_gain":0.0,"event_name":"Scrap Ooze","player_choice":"Success","floor":2.0,"gold_loss":0.0,"damage_taken":5.0,"relics_obtained":["Smiling Mask"]},{"cards_removed":["Defend_P"],"damage_healed":0.0,"max_hp_gain":0.0,"max_hp_loss":0.0,"gold_gain":0.0,"event_name":"Golden Wing","player_choice":"Card Removal","floor":3.0,"gold_loss":0.0,"damage_taken":7.0},{"damage_healed":0.0,"max_hp_gain":0.0,"max_hp_loss":0.0,"gold_gain":0.0,"event_name":"Living Wall","player_choice":"Grow","floor":5.0,"gold_loss":0.0,"damage_taken":0.0,"cards_upgraded":["CrushJoints"]},{"damage_healed":0.0,"max_hp_gain":0.0,"max_hp_loss":0.0,"gold_gain":0.0,"event_name":"World of Goop","player_choice":"Left Gold","floor":11.0,"gold_loss":56.0,"damage_taken":0.0},{"damage_healed":0.0,"max_hp_gain":0.0,"max_hp_loss":0.0,"gold_gain":0.0,"event_name":"Lab","player_choice":"Got Potions","floor":12.0,"gold_loss":0.0,"damage_taken":0.0},{"damage_healed":0.0,"max_hp_gain":0.0,"max_hp_loss":0.0,"gold_gain":0.0,"cards_transformed":["Strike_P","Strike_P"],"event_name":"Drug Dealer","player_choice":"Became Test Subject","floor":20.0,"gold_loss":0.0,"damage_taken":0.0,"cards_obtained":["Collect","Halt"]},{"cards_removed":["Collect"],"damage_healed":0.0,"max_hp_gain":0.0,"max_hp_loss":0.0,"gold_gain":0.0,"event_name":"Back to Basics","player_choice":"Elegance","floor":22.0,"gold_loss":0.0,"damage_taken":0.0},{"damage_healed":0.0,"max_hp_gain":0.0,"max_hp_loss":0.0,"gold_gain":0.0,"event_name":"Wheel of Change","player_choice":"Damaged","floor":23.0,"gold_loss":0.0,"damage_taken":10.0},{"damage_healed":0.0,"max_hp_gain":0.0,"max_hp_loss":0.0,"gold_gain":0.0,"event_name":"Vampires","player_choice":"Ignored","floor":30.0,"gold_loss":0.0,"damage_taken":0.0}],"is_beta":true,"boss_relics":[{"not_picked":["Runic Dome","Snecko Eye"],"picked":"Empty Cage"}],"items_purged_floors":[19,21],"is_endless":false,"potions_floor_spawned":[1,4,14,16,27,29],"killed_by":"Collector","ascension_level":16}