{"gold_per_floor":[111,130,130,146,162,162,190,190,190,190,230,244,244,265,265,360,360,384,384,384,402,402,402],"floor_reached":23,"playtime":1590,"items_purged":[],"score":502,"play_id":"ab548f2e-b911-4cdd-977e-72b15503fbbf","local_time":"20191004212843","is_ascension_mode":true,"campfire_choices":[{"data":"Consecrate","floor":6,"key":"SMITH"},{"data":"CutThroughFate","floor":8,"key":"SMITH"},{"data":"Weave","floor":15,"key":"SMITH"}],"neow_cost":"NONE","seed_source_timestamp":70907390084600,"circlet_count":0,"master_deck":["AscendersBane","Strike_P+1","Strike_P","Defend_P","Defend_P","Defend_P","Defend_P","Eruption+1","Vigilance","CutThroughFate+1","DeceiveReality","Consecrate+1","BowlingBash","Weave+1","Wireheading","Alpha+1","Worship","WaveOfTheHand","Consecrate+1","RitualDagger"],"relics":["PureWater","Strawberry","Mercury Hourglass","Yang","Golden Idol","Blue Candle","Fusion Hammer"],"potions_floor_usage":[7,7,21,23,23],"damage_taken":[{"damage":1,"enemies":"2 Louse","floor":1,"turns":4},{"damage":1,"enemies":"Cultist","floor":2,"turns":3},{"damage":0,"enemies":"Small Slimes","floor":4,"turns":5},{"damage":7,"enemies":"3 Louse","floor":5,"turns":2},{"damage":16,"enemies":"Gremlin Nob","floor":7,"turns":3},{"damage":6,"enemies":"Lagavulin","floor":11,"turns":8},{"damage":6,"enemies":"Blue Slaver","floor":12,"turns":2},{"damage":6,"enemies":"Large Slime","floor":14,"turns":4},{"damage":0,"enemies":"Slime Boss","floor":16,"turns":4},{"damage":16,"enemies":"Shell Parasite","floor":18,"turns":4},{"damage":0,"enemies":"Spheric Guardian","floor":21,"turns":3},{"damage":45,"enemies":"Gremlin Leader","floor":23,"turns":7}],"seed_played":"1310058109912169300","potions_obtained":[{"floor":3,"key":"Swift Potion"},{"floor":3,"key":"Ancient Potion"},{"floor":5,"key":"PowerPotion"},{"floor":7,"key":"Dexterity Potion"},{"floor":14,"key":"Energy Potion"},{"floor":21,"key":"SkillPotion"}],"is_trial":false,"path_per_floor":["M","M","?","M","M","R","E","R","T","?","E","M","?","M","R","B",null,"M","?","?","M","?","E"],"character_chosen":"WATCHER","items_purchased":[],"campfire_rested":0,"item_purchase_floors":[],"current_hp_per_floor":[67,66,66,66,59,59,43,43,43,43,37,31,11,5,5,5,52,36,36,36,36,30,0],"gold":402,"neow_bonus":"RANDOM_COMMON_RELIC","is_prod":false,"is_daily":false,"chose_seed":false,"campfire_upgraded":3,"win_rate":0,"timestamp":1570220923,"path_taken":["M","M","?","M","?","R","E","R","T","?","E","M","?","M","R","BOSS","M","?","?","?","?","E"],"build_version":"2019-10-04","purchased_purges":0,"victory":false,"max_hp_per_floor":[75,75,75,75,75,75,75,75,75,68,68,68,68,68,68,68,68,68,68,68,68,68,68],"card_choices":[{"not_picked":["EmptyBody","SashWhip"],"picked":"CutThroughFate","floor":1},{"not_picked":["SignatureMove","Halt"],"picked":"DeceiveReality","floor":2},{"not_picked":["Vengeance","FearNoEvil"],"picked":"Consecrate","floor":4},{"not_picked":["SashWhip","ForeignInfluence"],"picked":"BowlingBash","floor":5},{"not_picked":["WreathOfFlame","FollowUp"],"picked":"Weave","floor":7},{"not_picked":["DeceiveReality","ClearTheMind"],"picked":"Wireheading","floor":11},{"not_picked":["FlyingSleeves","FlowState","Crescendo"],"picked":"SKIP","floor":12},{"not_picked":["Halt","SpiritShield","BowlingBash"],"picked":"SKIP","floor":14},{"not_picked":["MasterReality","Wish"],"picked":"Alpha","floor":16},{"not_picked":["Worship","EmptyFist","FlowState"],"picked":"SKIP","floor":18},{"not_picked":["Sanctity","Conclude"],"picked":"Consecrate+1","floor":21}],"player_experience":1879053,"relics_obtained":[{"floor":7,"key":"Mercury Hourglass"},{"floor":9,"key":"Yang"},{"floor":11,"key":"Blue Candle"}],"event_choices":[{"damage_healed":0,"gold_gain":0,"player_choice":"Got Potions","damage_taken":0,"max_hp_gain":0,"max_hp_loss":0,"event_name":"Lab","floor":3,"gold_loss":0},{"damage_healed":0,"gold_gain":0,"player_choice":"Lose Max HP","damage_taken":0,"relics_obtained":["Golden Idol"],"max_hp_gain":0,"max_hp_loss":7,"event_name":"Golden Idol","floor":10,"gold_loss":0},{"damage_healed":0,"gold_gain":0,"player_choice":"Entered Light","damage_taken":20,"max_hp_gain":0,"max_hp_loss":0,"event_name":"Shining Light","floor":13,"gold_loss":0,"cards_upgraded":["Strike_P","Eruption"]},{"damage_healed":0,"gold_gain":0,"cards_transformed":["Strike_P","Strike_P"],"player_choice":"Became Test Subject","damage_taken":0,"max_hp_gain":0,"max_hp_loss":0,"event_name":"Drug Dealer","floor":19,"gold_loss":0,"cards_obtained":["Worship","WaveOfTheHand"]},{"damage_healed":0,"gold_gain":0,"player_choice":"Forge","damage_taken":0,"max_hp_gain":0,"max_hp_loss":0,"event_name":"Accursed Blacksmith","floor":20,"gold_loss":0,"cards_upgraded":["Alpha"]},{"damage_healed":0,"gold_gain":0,"player_choice":"Joined the Cult","damage_taken":6,"max_hp_gain":0,"max_hp_loss":0,"event_name":"Nest","floor":22,"gold_loss":0,"cards_obtained":["RitualDagger"]}],"is_beta":true,"boss_relics":[{"not_picked":["HolyWater","SacredBark"],"picked":"Fusion Hammer"}],"items_purged_floors":[],"is_endless":false,"potions_floor_spawned":[5,7,14,21],"killed_by":"Gremlin Leader","ascension_level":20}