{"gold_per_floor":[115,135,154,18,31,48,48,76,101,132,132,142,142,63,63,137,137,88,88,106,125,143,143,143,143,143,143],"floor_reached":27,"playtime":1825,"items_purged":[],"score":439,"play_id":"14a66a24-0b51-4538-a7e3-14b9ff917fa3","local_time":"20191003212634","is_ascension_mode":true,"campfire_choices":[{"data":"Fasting2","floor":7.0,"key":"SMITH"},{"data":"TalkToTheHand","floor":11.0,"key":"SMITH"},{"data":"Eruption","floor":13.0,"key":"SMITH"},{"data":"TalkToTheHand","floor":15.0,"key":"SMITH"},{"floor":23.0,"key":"REST"},{"floor":25.0,"key":"REST"}],"neow_cost":"NONE","seed_source_timestamp":1883353177721000,"circlet_count":0,"master_deck":["AscendersBane","Strike_P","Strike_P","Strike_P","Strike_P","Defend_P","Defend_P","Defend_P","Defend_P","Eruption+1","Vigilance","Dark Shackles","TalkToTheHand+1","ThirdEye","FlurryOfBlows","Fasting2+1","Consecrate","Halt","Perseverance","TalkToTheHand+1","DevaForm"],"special_seed":0,"relics":["PureWater","Kunai","Oddly Smooth Stone","Boot","Fusion Hammer","Letter Opener"],"potions_floor_usage":[27,27],"damage_taken":[{"damage":0.0,"enemies":"Small Slimes","floor":1.0,"turns":2.0},{"damage":2.0,"enemies":"2 Louse","floor":2.0,"turns":3.0},{"damage":0.0,"enemies":"Cultist","floor":3.0,"turns":3.0},{"damage":2.0,"enemies":"Exordium Wildlife","floor":5.0,"turns":3.0},{"damage":4.0,"enemies":"Blue Slaver","floor":6.0,"turns":5.0},{"damage":10.0,"enemies":"3 Sentries","floor":8.0,"turns":5.0},{"damage":8.0,"enemies":"Lagavulin","floor":10.0,"turns":5.0},{"damage":0.0,"enemies":"Looter","floor":12.0,"turns":3.0},{"damage":10.0,"enemies":"Hexaghost","floor":16.0,"turns":8.0},{"damage":6.0,"enemies":"2 Thieves","floor":18.0,"turns":5.0},{"damage":17.0,"enemies":"3 Byrds","floor":20.0,"turns":6.0},{"damage":2.0,"enemies":"Centurion and Healer","floor":21.0,"turns":9.0},{"damage":13.0,"enemies":"Chosen and Byrds","floor":22.0,"turns":8.0},{"damage":63,"enemies":"Slavers","floor":27,"turns":11}],"seed_played":"4914147161287345981","potions_obtained":[{"floor":5.0,"key":"Swift Potion"},{"floor":8.0,"key":"Dexterity Potion"},{"floor":12.0,"key":"Dexterity Potion"},{"floor":22.0,"key":"Dexterity Potion"}],"is_trial":false,"path_per_floor":["M","M","M","$","M","M","R","E","T","E","R","M","R","$","R","B",null,"M","?","M","M","M","R","?","R","T","E"],"character_chosen":"WATCHER","items_purchased":["Fasting2","Explosive Potion","TalkToTheHand"],"campfire_rested":2,"item_purchase_floors":[4,4,14],"current_hp_per_floor":[61,59,59,59,57,53,53,43,43,35,35,35,35,35,35,25,57,51,51,34,32,19,39,39,59,59,0],"gold":143,"neow_bonus":"RANDOM_COLORLESS","is_prod":false,"is_daily":false,"chose_seed":false,"campfire_upgraded":4,"win_rate":0,"timestamp":1570134394,"path_taken":["M","M","M","$","M","M","R","E","T","E","R","M","R","$","R","BOSS","M","?","M","M","M","R","?","R","T","E"],"build_version":"2019-10-03","purchased_purges":0,"victory":false,"max_hp_per_floor":[68,68,68,68,68,68,68,68,68,68,68,68,68,68,68,68,68,68,68,68,68,68,68,68,68,68,68],"card_choices":[{"not_picked":["Panacea","Impatience"],"picked":"Dark Shackles","floor":0.0},{"not_picked":["CutThroughFate","ThirdEye"],"picked":"TalkToTheHand","floor":1.0},{"not_picked":["Prostrate","EmptyBody"],"picked":"ThirdEye","floor":2.0},{"not_picked":["Halt","Protect"],"picked":"FlurryOfBlows","floor":3.0},{"not_picked":["Meditate","WheelKick"],"picked":"Consecrate","floor":5.0},{"not_picked":["EmptyFist","BowlingBash"],"picked":"Halt","floor":6.0},{"not_picked":["MentalFortress","Prostrate","WindmillStrike"],"picked":"SKIP","floor":8.0},{"not_picked":["ReachHeaven","CarveReality"],"picked":"Perseverance","floor":10.0},{"not_picked":["EmptyBody","ThirdEye","Sanctity"],"picked":"SKIP","floor":12.0},{"not_picked":["ConjureBlade","Judgement"],"picked":"DevaForm","floor":16.0},{"not_picked":["BowlingBash","WheelKick","WaveOfTheHand+1"],"picked":"SKIP","floor":18.0},{"not_picked":["Consecrate","Sanctity","EmptyFist"],"picked":"SKIP","floor":20.0},{"not_picked":["MentalFortress","Swivel","ClearTheMind"],"picked":"SKIP","floor":21.0},{"not_picked":["Crescendo","Prostrate","Establishment"],"picked":"SKIP","floor":22.0}],"player_experience":1860730,"relics_obtained":[{"floor":8.0,"key":"Kunai"},{"floor":9.0,"key":"Oddly Smooth Stone"},{"floor":10.0,"key":"Boot"},{"floor":26.0,"key":"Letter Opener"}],"event_choices":[{"damage_healed":0.0,"max_hp_gain":0.0,"max_hp_loss":0.0,"gold_gain":0.0,"event_name":"Vampires","player_choice":"Ignored","floor":19.0,"gold_loss":0.0,"damage_taken":0.0},{"damage_healed":0.0,"max_hp_gain":0.0,"max_hp_loss":0.0,"gold_gain":0.0,"event_name":"N\u0027loth","player_choice":"Ignored","floor":24.0,"gold_loss":0.0,"damage_taken":0.0}],"is_beta":true,"boss_relics":[{"not_picked":["SacredBark","VioletLotus"],"picked":"Fusion Hammer"}],"items_purged_floors":[],"is_endless":false,"potions_floor_spawned":[5,8,12,18,22],"killed_by":"Slavers","ascension_level":19}