{"gold_per_floor":[117,137,137,156,172,200,200,225,225,225,246,265,265,292,292,366,366,386,386,398,45,64,64,84,98,98,128,25,51,51,77,77,150,150,168,180,195,195,195,221,233,245],"floor_reached":42,"playtime":3315,"items_purged":["Strike_P"],"score":1272,"play_id":"6938fbc7-9b71-465c-9927-d40f56d2c2c0","local_time":"20191011225736","is_ascension_mode":true,"campfire_choices":[{"data":"Wallop","floor":7.0,"key":"SMITH"},{"data":"TalkToTheHand","floor":10.0,"key":"SMITH"},{"data":"CrushJoints","floor":13,"key":"SMITH"},{"data":"Protect","floor":15,"key":"SMITH"},{"data":"ConjureBlade","floor":23,"key":"SMITH"},{"data":"Vigilance","floor":30,"key":"SMITH"},{"floor":32,"key":"REST"},{"data":"ConjureBlade","floor":41,"key":"SMITH"}],"neow_cost":"NONE","seed_source_timestamp":161366750055800,"circlet_count":0,"master_deck":["AscendersBane","Strike_P","Defend_P","Defend_P","Defend_P","Defend_P","Eruption+1","Vigilance+1","CutThroughFate","TalkToTheHand+1","Protect+1","Wallop+1","CrushJoints+1","ConjureBlade+1","Conclude","EmptyBody","Weave","Weave","Dark Shackles","Vault","ConjureBlade+1"],"special_seed":0,"relics":["PureWater","CaptainsWheel","Bronze Scales","Dream Catcher","Odd Mushroom","TeardropLocket","SlaversCollar","Boot","Sling","StrikeDummy","Bottled Flame","Akabeko","PreservedInsect","Coffee Dripper","MawBank"],"potions_floor_usage":[27,27,33,42],"damage_taken":[{"damage":7.0,"enemies":"Jaw Worm","floor":1.0,"turns":3.0},{"damage":0.0,"enemies":"2 Louse","floor":2.0,"turns":2.0},{"damage":0.0,"enemies":"Small Slimes","floor":4.0,"turns":1.0},{"damage":8.0,"enemies":"Gremlin Gang","floor":5.0,"turns":4.0},{"damage":0.0,"enemies":"Lagavulin","floor":6.0,"turns":4.0},{"damage":4.0,"enemies":"3 Sentries","floor":8.0,"turns":9.0},{"damage":11,"enemies":"The Mushroom Lair","floor":11,"turns":3},{"damage":0,"enemies":"Red Slaver","floor":12,"turns":4},{"damage":0,"enemies":"Gremlin Nob","floor":14,"turns":2},{"damage":0,"enemies":"Slime Boss","floor":16,"turns":5},{"damage":0,"enemies":"Shell Parasite","floor":18,"turns":5},{"damage":1,"enemies":"3 Byrds","floor":20,"turns":4},{"damage":0,"enemies":"Snake Plant","floor":22,"turns":2},{"damage":0,"enemies":"Snecko","floor":24,"turns":4},{"damage":11,"enemies":"Centurion and Healer","floor":25,"turns":6},{"damage":14,"enemies":"Slavers","floor":27,"turns":5},{"damage":0,"enemies":"Book of Stabbing","floor":29,"turns":4},{"damage":32,"enemies":"Champ","floor":33,"turns":11},{"damage":20,"enemies":"3 Shapes","floor":35,"turns":4},{"damage":4,"enemies":"3 Darklings","floor":36,"turns":6},{"damage":19,"enemies":"Jaw Worm Horde","floor":37,"turns":4},{"damage":0,"enemies":"Nemesis","floor":40,"turns":5},{"damage":16,"enemies":"Reptomancer","floor":42,"turns":2}],"seed_played":"6418203878685419870","potions_obtained":[{"floor":1.0,"key":"FearPotion"},{"floor":2.0,"key":"DuplicationPotion"},{"floor":8.0,"key":"Strength Potion"},{"floor":12,"key":"Block Potion"},{"floor":18,"key":"Explosive Potion"},{"floor":27,"key":"Strength Potion"},{"floor":33,"key":"Strength Potion"},{"floor":40,"key":"Fire Potion"}],"is_trial":false,"path_per_floor":["M","M","?","M","M","E","R","E","T","R","?","M","R","E","R","B",null,"M","?","M","$","M","R","M","M","T","E","$","E","R","T","R","B",null,"M","M","M","?","?","E","R","E"],"character_chosen":"WATCHER","items_purchased":["Sling","PowerPotion","EmptyBody","Dark Shackles"],"campfire_rested":1,"item_purchase_floors":[21,21,21,28],"current_hp_per_floor":[54,54,54,54,46,46,46,42,42,42,31,31,31,31,31,31,59,59,59,58,58,58,58,58,47,47,33,33,33,33,33,53,21,56,36,32,13,13,13,13,13,0],"gold":245,"neow_bonus":"UPGRADE_CARD","is_prod":false,"is_daily":false,"chose_seed":false,"campfire_upgraded":7,"win_rate":0,"timestamp":1570831056,"path_taken":["M","M","?","M","M","E","R","E","T","R","?","M","R","E","R","BOSS","M","?","?","$","?","R","M","M","T","E","?","E","R","?","R","BOSS","M","?","M","?","?","E","R","E"],"build_version":"2019-10-11","purchased_purges":1,"victory":false,"max_hp_per_floor":[68,68,68,68,68,68,68,68,68,68,68,68,68,68,68,68,68,68,68,68,68,68,68,68,68,68,68,68,68,68,68,68,68,68,68,68,68,68,68,68,68,68],"card_choices":[{"not_picked":["BattleHymn","SpiritShield"],"picked":"CutThroughFate","floor":1.0},{"not_picked":["EmptyBody","Adaptation","BowlingBash"],"picked":"SKIP","floor":2.0},{"not_picked":["JustLucky","EmptyBody"],"picked":"TalkToTheHand","floor":4.0},{"not_picked":["DeusExMachina","Fasting2"],"picked":"Protect","floor":5.0},{"not_picked":["SashWhip","Prostrate"],"picked":"Wallop","floor":6.0},{"not_picked":["Worship","Crescendo","EmptyMind"],"picked":"SKIP","floor":8.0},{"not_picked":["CutThroughFate","EmptyBody"],"picked":"Wireheading","floor":11},{"not_picked":["EmptyFist","MentalFortress"],"picked":"CrushJoints","floor":12},{"not_picked":["CutThroughFate","InnerPeace","ForeignInfluence"],"picked":"SKIP","floor":14},{"not_picked":["Judgement","DeusExMachina"],"picked":"ConjureBlade","floor":16},{"not_picked":["Halt","JustLucky"],"picked":"Conclude","floor":18},{"not_picked":["Protect","Fasting2","FlurryOfBlows"],"picked":"SKIP","floor":20},{"not_picked":["CrushJoints","EmptyFist"],"picked":"Weave","floor":22},{"not_picked":["Swivel","Vengeance","Fasting2"],"picked":"SKIP","floor":24},{"not_picked":["Indignation","SashWhip"],"picked":"Weave","floor":25},{"not_picked":["WaveOfTheHand","Tantrum","Weave"],"picked":"SKIP","floor":27},{"not_picked":["PathToVictory","Conclude","Judgement"],"picked":"SKIP","floor":29},{"not_picked":["Wish","Devotion"],"picked":"Vault","floor":33},{"not_picked":["ClearTheMind+1","Sanctity","SashWhip"],"picked":"SKIP","floor":35},{"not_picked":["EmptyFist+1","FlyingSleeves","PathToVictory"],"picked":"SKIP","floor":36},{"not_picked":["DeusExMachina","SashWhip","EmptyMind"],"picked":"SKIP","floor":37},{"not_picked":["Collect","BowlingBash","PathToVictory+1"],"picked":"SKIP","floor":40}],"player_experience":1919873,"relics_obtained":[{"floor":6.0,"key":"CaptainsWheel"},{"floor":8.0,"key":"Bronze Scales"},{"floor":9.0,"key":"Dream Catcher"},{"floor":11,"key":"Odd Mushroom"},{"floor":14,"key":"TeardropLocket"},{"floor":26,"key":"StrikeDummy"},{"floor":27,"key":"Bottled Flame"},{"floor":29,"key":"Akabeko"},{"floor":31,"key":"PreservedInsect"},{"floor":40,"key":"MawBank"}],"event_choices":[{"cards_removed":["Strike_P"],"damage_healed":0.0,"max_hp_gain":0.0,"max_hp_loss":0.0,"gold_gain":0.0,"event_name":"Living Wall","player_choice":"Forget","floor":3.0,"gold_loss":0.0,"damage_taken":0.0},{"damage_healed":0,"gold_gain":0,"player_choice":"Fought Mushrooms","damage_taken":0,"max_hp_gain":0,"max_hp_loss":0,"event_name":"Mushrooms","floor":11,"gold_loss":0},{"damage_healed":0,"gold_gain":0,"player_choice":"Gave Potion","damage_taken":0,"relics_obtained":["Boot"],"max_hp_gain":0,"max_hp_loss":0,"event_name":"WeMeetAgain","floor":19,"gold_loss":0},{"cards_removed":["Wireheading"],"damage_healed":0,"gold_gain":0,"player_choice":"Removed Power","damage_taken":0,"max_hp_gain":0,"max_hp_loss":0,"event_name":"Falling","floor":38,"gold_loss":0},{"damage_healed":0,"gold_gain":0,"cards_transformed":["Strike_P"],"player_choice":"Transformed","damage_taken":0,"max_hp_gain":0,"max_hp_loss":0,"event_name":"Transmorgrifier","floor":39,"gold_loss":0,"cards_obtained":["ConjureBlade"]}],"is_beta":true,"boss_relics":[{"not_picked":["SacredBark","Sozu"],"picked":"SlaversCollar"},{"not_picked":["Tiny House","Snecko Eye"],"picked":"Coffee Dripper"}],"items_purged_floors":[21],"is_endless":false,"potions_floor_spawned":[1,2,8,12,18,22,27,33,40],"killed_by":"Reptomancer","ascension_level":20}