{"gold_per_floor":[365,365,365,35,49,49,79,79,148,148,165,198,123,123,123,196,196,212,230,54,127,52,52],"floor_reached":23,"playtime":1134,"items_purged":[],"score":490,"play_id":"2624d799-5f42-4154-a35d-19d3c6a06399","local_time":"20191012195931","is_ascension_mode":true,"campfire_choices":[{"floor":6,"key":"REST"},{"data":"FlurryOfBlows","floor":8,"key":"SMITH"},{"floor":10,"key":"REST"},{"data":"FlyingSleeves","floor":15,"key":"SMITH"}],"neow_cost":"PERCENT_DAMAGE","seed_source_timestamp":239320739413100,"circlet_count":0,"master_deck":["AscendersBane","Strike_P","Strike_P","Strike_P","Defend_P+1","Defend_P","Defend_P+1","Eruption+1","Vigilance","Swivel","FlurryOfBlows+1","FlyingSleeves+1","Consecrate+1","Vault","Protect","DeceiveReality","Flash of Steel","Establishment"],"relics":["PureWater","White Beast Statue","Happy Flower","Kunai","Bronze Scales","VioletLotus"],"potions_floor_usage":[7,7,16,16,16,19,23,23],"damage_taken":[{"damage":0,"enemies":"2 Louse","floor":1,"turns":3},{"damage":0,"enemies":"Jaw Worm","floor":5,"turns":5},{"damage":16,"enemies":"Gremlin Nob","floor":7,"turns":3},{"damage":0,"enemies":"Small Slimes","floor":11,"turns":2},{"damage":37,"enemies":"3 Sentries","floor":12,"turns":6},{"damage":0,"enemies":"Slime Boss","floor":16,"turns":3},{"damage":1,"enemies":"Spheric Guardian","floor":18,"turns":3},{"damage":0,"enemies":"Chosen","floor":19,"turns":4},{"damage":56,"enemies":"Slavers","floor":23,"turns":4}],"seed_played":"-8493977456223266959","potions_obtained":[{"floor":5,"key":"PowerPotion"},{"floor":7,"key":"FearPotion"},{"floor":11,"key":"SmokeBomb"},{"floor":12,"key":"EntropicBrew"},{"floor":16,"key":"Fire Potion"},{"floor":19,"key":"Dexterity Potion"}],"is_trial":false,"path_per_floor":["M","?","?","$","M","R","E","R","T","R","M","E","?","?","R","B",null,"M","M","$","T","?","E"],"character_chosen":"WATCHER","items_purchased":["White Beast Statue","Strength Potion","Flash of Steel","Establishment"],"campfire_rested":2,"item_purchase_floors":[4,4,20,20],"current_hp_per_floor":[43,43,23,23,23,43,27,27,27,47,47,10,10,10,10,10,54,53,53,53,53,53,0],"gold":52,"neow_bonus":"TWO_FIFTY_GOLD","is_prod":false,"is_daily":false,"chose_seed":false,"campfire_upgraded":2,"win_rate":0,"timestamp":1570906771,"path_taken":["M","?","?","$","M","R","E","R","T","R","M","E","?","?","R","BOSS","M","?","$","?","?","E"],"build_version":"2019-10-11","purchased_purges":0,"victory":false,"max_hp_per_floor":[68,68,68,68,68,68,68,68,68,68,68,68,68,68,68,68,68,68,68,68,68,68,68],"card_choices":[{"not_picked":["Sanctity","JustLucky"],"picked":"Swivel","floor":1},{"not_picked":["PathToVictory","Prostrate"],"picked":"FlurryOfBlows","floor":5},{"not_picked":["Crescendo","CrushJoints"],"picked":"FlyingSleeves","floor":7},{"not_picked":["Pray","Study"],"picked":"Consecrate","floor":11},{"not_picked":["Prostrate","Halt","PathToVictory"],"picked":"SKIP","floor":12},{"not_picked":["DeusExMachina","ConjureBlade"],"picked":"Vault","floor":16},{"not_picked":["CutThroughFate","CrushJoints"],"picked":"Protect","floor":18},{"not_picked":["MentalFortress","Protect"],"picked":"DeceiveReality","floor":19}],"player_experience":1934731,"relics_obtained":[{"floor":7,"key":"Happy Flower"},{"floor":9,"key":"Kunai"},{"floor":12,"key":"Bronze Scales"}],"event_choices":[{"damage_healed":0,"gold_gain":0,"player_choice":"Grow","damage_taken":0,"max_hp_gain":0,"max_hp_loss":0,"event_name":"Living Wall","floor":2,"gold_loss":0,"cards_upgraded":["Eruption"]},{"damage_healed":0,"gold_gain":0,"player_choice":"Entered Light","damage_taken":20,"max_hp_gain":0,"max_hp_loss":0,"event_name":"Shining Light","floor":3,"gold_loss":0,"cards_upgraded":["Defend_P","Defend_P"]},{"cards_removed":["Defend_P"],"damage_healed":0,"gold_gain":0,"player_choice":"Card Removal","damage_taken":0,"max_hp_gain":0,"max_hp_loss":0,"event_name":"The Cleric","floor":13,"gold_loss":75},{"damage_healed":0,"gold_gain":0,"player_choice":"Upgraded","damage_taken":0,"max_hp_gain":0,"max_hp_loss":0,"event_name":"Upgrade Shrine","floor":14,"gold_loss":0,"cards_upgraded":["Consecrate"]},{"cards_removed":["Strike_P"],"damage_healed":0,"gold_gain":0,"player_choice":"Gave Gold","damage_taken":0,"max_hp_gain":0,"max_hp_loss":0,"event_name":"Beggar","floor":22,"gold_loss":75}],"is_beta":true,"boss_relics":[{"not_picked":["Ectoplasm","Runic Pyramid"],"picked":"VioletLotus"}],"items_purged_floors":[],"is_endless":false,"potions_floor_spawned":[5,7,11,12,16,18,19],"killed_by":"Slavers","ascension_level":20}