{"gold_per_floor":[114,130,55,65,79,120,143,175,201,201,236,236,17,17,17,115,115,145,163,163,186,209,209,54,89,89,20,60,60,106,126,126,126],"floor_reached":33,"playtime":2731,"items_purged":["Strike_P","Strike_P"],"score":780,"play_id":"3064fb5c-9763-4d9b-aeb3-a8ae25f059db","local_time":"20191003232550","is_ascension_mode":true,"campfire_choices":[{"data":"SashWhip","floor":10.0,"key":"SMITH"},{"data":"Wallop","floor":12.0,"key":"SMITH"},{"data":"Consecrate","floor":15.0,"key":"SMITH"},{"floor":23.0,"key":"REST"},{"data":"Fasting2","floor":29.0,"key":"SMITH"},{"data":"Vault","floor":32,"key":"SMITH"}],"neow_cost":"NONE","seed_source_timestamp":1889742370132200,"circlet_count":0,"master_deck":["AscendersBane","Strike_P","Strike_P","Defend_P","Defend_P","Defend_P","Defend_P","Eruption","Vigilance","Consecrate+1","Wallop+1","SashWhip+1","Tantrum","Sanctity","Conclude","Weave","Wireheading","CutThroughFate","Vault+1","EmptyBody+1","Fasting2+1","Swivel+1","JustLucky"],"special_seed":0,"relics":["PureWater","MealTicket","CeramicFish","Yang","Ancient Tea Set","Vajra","Orichalcum","Golden Idol","Velvet Choker","Dream Catcher","Meat on the Bone","Boot","Bird Faced Urn"],"potions_floor_usage":[33],"damage_taken":[{"damage":4.0,"enemies":"Cultist","floor":1.0,"turns":5.0},{"damage":0.0,"enemies":"Small Slimes","floor":2.0,"turns":3.0},{"damage":0.0,"enemies":"2 Louse","floor":4.0,"turns":2.0},{"damage":2.0,"enemies":"Looter","floor":5.0,"turns":3.0},{"damage":15.0,"enemies":"Lagavulin","floor":6.0,"turns":4.0},{"damage":8.0,"enemies":"Large Slime","floor":7.0,"turns":4.0},{"damage":5.0,"enemies":"3 Sentries","floor":8.0,"turns":4.0},{"damage":39.0,"enemies":"Lagavulin","floor":11.0,"turns":6.0},{"damage":0.0,"enemies":"Slime Boss","floor":16.0,"turns":2.0},{"damage":0.0,"enemies":"Chosen","floor":18.0,"turns":2.0},{"damage":5.0,"enemies":"Shell Parasite","floor":19.0,"turns":3.0},{"damage":6.0,"enemies":"Centurion and Healer","floor":21.0,"turns":5.0},{"damage":15.0,"enemies":"Snake Plant","floor":22.0,"turns":5.0},{"damage":12.0,"enemies":"Slavers","floor":25.0,"turns":3.0},{"damage":10.0,"enemies":"Book of Stabbing","floor":28.0,"turns":7.0},{"damage":0.0,"enemies":"Slavers","floor":30.0,"turns":1.0},{"damage":11,"enemies":"Shelled Parasite and Fungi","floor":31,"turns":5},{"damage":60,"enemies":"Collector","floor":33,"turns":9}],"seed_played":"-8649947565112809691","potions_obtained":[{"floor":2.0,"key":"SkillPotion"},{"floor":4.0,"key":"Regen Potion"},{"floor":6.0,"key":"StancePotion"},{"floor":18.0,"key":"Swift Potion"},{"floor":19.0,"key":"Fruit Juice"},{"floor":25.0,"key":"Swift Potion"}],"is_trial":false,"path_per_floor":["M","M","$","M","M","E","M","E","T","R","E","R","$","?","R","B",null,"M","M","?","M","M","R","$","E","T","$","E","R","E","M","R","B"],"character_chosen":"WATCHER","items_purchased":["CutThroughFate","Orichalcum","Strength Potion","Fasting2"],"campfire_rested":1,"item_purchase_floors":[13,13,24,27],"current_hp_per_floor":[57,57,68,68,66,51,43,50,50,50,11,11,26,3,3,3,52,52,47,47,41,31,52,67,55,55,70,60,60,60,51,51,0],"gold":126,"neow_bonus":"RANDOM_COMMON_RELIC","is_prod":false,"is_daily":false,"chose_seed":false,"campfire_upgraded":5,"win_rate":0,"timestamp":1570141550,"path_taken":["M","?","$","M","M","E","M","E","T","R","E","R","$","?","R","BOSS","M","M","?","M","?","R","$","E","T","?","E","R","E","M","R","BOSS"],"build_version":"2019-10-03","purchased_purges":2,"victory":false,"max_hp_per_floor":[68,68,68,68,68,68,68,68,68,68,68,68,68,68,68,68,68,68,68,68,68,73,73,73,73,73,73,73,73,73,73,73,73],"card_choices":[{"not_picked":["ClearTheMind","ForeignInfluence"],"picked":"Consecrate","floor":1.0},{"not_picked":["Halt","Prostrate"],"picked":"Wallop","floor":2.0},{"not_picked":["PathToVictory","EmptyFist"],"picked":"SashWhip","floor":4.0},{"not_picked":["ClearTheMind","Halt"],"picked":"Tantrum","floor":5.0},{"not_picked":["FlowState","CarveReality"],"picked":"Sanctity","floor":6.0},{"not_picked":["FearNoEvil","Weave"],"picked":"Conclude","floor":7.0},{"not_picked":["Crescendo","PathToVictory"],"picked":"Weave","floor":8.0},{"not_picked":["MentalFortress","JustLucky"],"picked":"Wireheading","floor":11.0},{"not_picked":["ConjureBlade","Alpha"],"picked":"Vault","floor":16.0},{"not_picked":["FollowUp","Prostrate"],"picked":"EmptyBody+1","floor":18.0},{"not_picked":["InnerPeace","Crescendo","Pray"],"picked":"SKIP","floor":19.0},{"not_picked":["EmptyBody","Consecrate","InnerPeace"],"picked":"SKIP","floor":21.0},{"not_picked":["Crescendo","CutThroughFate","FollowUp+1"],"picked":"SKIP","floor":22.0},{"not_picked":["Sanctity","CutThroughFate","Tantrum"],"picked":"SKIP","floor":25.0},{"not_picked":["TalkToTheHand","Wireheading"],"picked":"Swivel+1","floor":28.0},{"not_picked":["Omniscience","CrushJoints"],"picked":"JustLucky","floor":30.0},{"not_picked":["BowlingBash","Meditate","FlurryOfBlows"],"picked":"SKIP","floor":31}],"player_experience":1866665,"relics_obtained":[{"floor":6.0,"key":"CeramicFish"},{"floor":8.0,"key":"Yang"},{"floor":9.0,"key":"Ancient Tea Set"},{"floor":11.0,"key":"Vajra"},{"floor":25.0,"key":"Dream Catcher"},{"floor":26.0,"key":"Meat on the Bone"},{"floor":28.0,"key":"Boot"},{"floor":30.0,"key":"Bird Faced Urn"}],"event_choices":[{"damage_healed":0.0,"max_hp_gain":0.0,"max_hp_loss":0.0,"gold_gain":0.0,"event_name":"Golden Idol","player_choice":"Take Damage","floor":14.0,"gold_loss":0.0,"damage_taken":23.0,"relics_obtained":["Golden Idol"]},{"damage_healed":0.0,"max_hp_gain":0.0,"max_hp_loss":0.0,"gold_gain":0.0,"event_name":"Match and Keep!","player_choice":"0 cards matched","floor":20.0,"gold_loss":0.0,"damage_taken":0.0,"cards_obtained":[]}],"is_beta":true,"boss_relics":[{"not_picked":["Fusion Hammer","SacredBark"],"picked":"Velvet Choker"}],"items_purged_floors":[3,24],"is_endless":false,"potions_floor_spawned":[2,4,6,18,19,25],"killed_by":"Collector","ascension_level":19}