{"gold_per_floor":[116,116,135,135,10,39,39,49,49,77,77,133,149,161,161,239,239,256,128,128,139,139,139,156,156,179,11,41,51,61,94,94,165,165,175,175,175,125,137,137,166,166,189,207,220,220,230,245,245,245],"floor_reached":50,"playtime":10239,"items_purged":["Strike_P"],"score":1194,"play_id":"c8974966-b110-402a-b946-60926779884f","local_time":"20191012160631","is_ascension_mode":true,"campfire_choices":[{"data":"SandsOfTime","floor":7,"key":"SMITH"},{"data":"Sanctity","floor":11,"key":"SMITH"},{"data":"Eruption","floor":15,"key":"SMITH"},{"floor":23,"key":"REST"},{"floor":25,"key":"REST"},{"data":"Study","floor":32,"key":"SMITH"},{"floor":40,"key":"REST"},{"floor":42,"key":"REST"},{"floor":46,"key":"REST"},{"floor":49,"key":"REST"}],"neow_cost":"NONE","seed_source_timestamp":216235101837800,"circlet_count":0,"master_deck":["AscendersBane","Strike_P","Defend_P","Defend_P","Defend_P","Eruption+1","Vigilance","Finesse","Halt","CarveReality+1","SandsOfTime+1","FlurryOfBlows","Ragnarok+1","Sanctity+1","FlurryOfBlows+1","InnerPeace","Prostrate","Devotion","Conclude+1","Vault+1","Adaptation+1","SandsOfTime+1","Sanctity","Fasting2+1","Study+1","JustLucky+1","Tantrum+1","Prostrate","Scrawl+1","Prostrate","Consecrate+1","Pain","Sanctity+1"],"relics":["PureWater","Molten Egg 2","Question Card","Darkstone Periapt","Astrolabe","PreservedInsect","Bag of Preparation","ClockworkSouvenir","Art of War","Pear","Cursed Key","Ancient Tea Set"],"potions_floor_usage":[6,16,18,24,31,31,45,48,50],"damage_taken":[{"damage":11,"enemies":"Cultist","floor":1,"turns":6},{"damage":2,"enemies":"Jaw Worm","floor":3,"turns":5},{"damage":0,"enemies":"Lagavulin","floor":6,"turns":3},{"damage":0,"enemies":"2 Louse","floor":8,"turns":2},{"damage":16,"enemies":"Gremlin Nob","floor":10,"turns":3},{"damage":0,"enemies":"Exordium Wildlife","floor":13,"turns":3},{"damage":8,"enemies":"Exordium Thugs","floor":14,"turns":3},{"damage":15,"enemies":"Hexaghost","floor":16,"turns":8},{"damage":21,"enemies":"2 Thieves","floor":18,"turns":3},{"damage":6,"enemies":"Spheric Guardian","floor":21,"turns":4},{"damage":36,"enemies":"Shelled Parasite and Fungi","floor":24,"turns":5},{"damage":0,"enemies":"Gremlin Leader","floor":28,"turns":3},{"damage":0,"enemies":"3 Cultists","floor":29,"turns":2},{"damage":11,"enemies":"Snecko","floor":30,"turns":5},{"damage":0,"enemies":"Slavers","floor":31,"turns":2},{"damage":16,"enemies":"Champ","floor":33,"turns":9},{"damage":0,"enemies":"3 Shapes","floor":35,"turns":5},{"damage":10,"enemies":"Orb Walker","floor":39,"turns":4},{"damage":33,"enemies":"Nemesis","floor":41,"turns":3},{"damage":7,"enemies":"Transient","floor":44,"turns":7},{"damage":47,"enemies":"4 Shapes","floor":45,"turns":5},{"damage":1,"enemies":"Maw","floor":47,"turns":5},{"damage":17,"enemies":"Writhing Mass","floor":48,"turns":7},{"damage":55,"enemies":"Awakened One","floor":50,"turns":3}],"seed_played":"8265052425010473199","potions_obtained":[{"floor":1,"key":"Explosive Potion"},{"floor":3,"key":"PowerPotion"},{"floor":8,"key":"Regen Potion"},{"floor":16,"key":"BottledMiracle"},{"floor":18,"key":"Regen Potion"},{"floor":29,"key":"SkillPotion"},{"floor":30,"key":"SteroidPotion"},{"floor":39,"key":"Dexterity Potion"},{"floor":44,"key":"Block Potion"},{"floor":47,"key":"SkillPotion"},{"floor":48,"key":"LiquidBronze"}],"is_trial":false,"path_per_floor":["M","$","M","?","$","E","R","M","T","E","R","?","M","M","R","B",null,"M","$","?","M","T","R","M","R","T","$","E","M","M","E","R","B",null,"M","$","?","$","M","R","E","R","T","M","M","R","M","M","R","B"],"character_chosen":"WATCHER","items_purchased":["SandsOfTime","FlurryOfBlows","Sanctity","ClockworkSouvenir","Prostrate"],"campfire_rested":6,"item_purchase_floors":[5,5,19,27,38],"current_hp_per_floor":[50,50,48,48,48,48,48,48,48,32,32,32,32,24,24,24,57,36,36,36,30,30,50,19,39,39,39,39,39,28,38,38,22,64,64,64,64,64,54,77,44,67,73,66,19,44,43,26,51,0],"gold":245,"neow_bonus":"RANDOM_COLORLESS","is_prod":false,"is_daily":false,"chose_seed":false,"campfire_upgraded":4,"win_rate":0,"timestamp":1570892791,"path_taken":["M","?","M","?","$","E","R","M","T","E","R","?","M","M","R","BOSS","M","$","?","M","?","R","?","R","T","?","E","M","M","E","R","BOSS","M","$","?","$","M","R","E","R","T","M","M","R","M","M","R","BOSS"],"build_version":"2019-10-11","purchased_purges":1,"victory":false,"max_hp_per_floor":[68,68,68,68,68,68,68,68,68,68,68,68,68,68,68,68,68,68,68,68,68,68,68,68,68,68,68,68,68,68,78,78,78,78,78,78,78,78,78,78,78,78,84,84,84,84,84,84,84,84],"card_choices":[{"not_picked":["Jack Of All Trades","Enlightenment"],"picked":"Finesse","floor":0},{"not_picked":["Crescendo","ClearTheMind"],"picked":"Halt","floor":1},{"not_picked":["EmptyMind","BowlingBash"],"picked":"CarveReality","floor":3},{"not_picked":["JustLucky","Crescendo"],"picked":"Ragnarok","floor":6},{"not_picked":["Collect","FollowUp+1"],"picked":"Sanctity","floor":8},{"not_picked":["BattleHymn","Prostrate","Pray"],"picked":"FlurryOfBlows+1","floor":10},{"not_picked":["FlurryOfBlows+1","ClearTheMind","Weave+1"],"picked":"InnerPeace","floor":13},{"not_picked":["SashWhip+1","JustLucky+1","Halt"],"picked":"Prostrate","floor":14},{"not_picked":["Alpha","Brilliance","Wish"],"picked":"Devotion","floor":16},{"not_picked":["Crescendo","Halt","CrushJoints+1"],"picked":"SandsOfTime+1","floor":18},{"not_picked":["ThirdEye","Protect+1","BowlingBash+1"],"picked":"Fasting2+1","floor":21},{"not_picked":["BowlingBash+1","EmptyBody","Sanctity"],"picked":"Study","floor":24},{"not_picked":["ClearTheMind","SandsOfTime+1","ForeignInfluence","FlurryOfBlows+1"],"picked":"SKIP","floor":28},{"not_picked":["SashWhip+1","Pray+1","Collect"],"picked":"JustLucky+1","floor":29},{"not_picked":["WaveOfTheHand","Ragnarok+1","InnerPeace"],"picked":"Tantrum+1","floor":30},{"not_picked":["WindmillStrike+1","ForeignInfluence","ThirdEye"],"picked":"Prostrate","floor":31},{"not_picked":["Adaptation+1","CrushJoints+1","Halt"],"picked":"Scrawl+1","floor":35},{"not_picked":["Weave+1","Worship","CarveReality+1","BattleHymn+1"],"picked":"SKIP","floor":39},{"not_picked":["EmptyMind","BowlingBash+1","Sanctity"],"picked":"Consecrate+1","floor":41},{"not_picked":["SignatureMove+1","EmptyFist+1","Halt","FearNoEvil+1"],"picked":"SKIP","floor":44},{"not_picked":["FollowUp+1","Consecrate+1","Crescendo","ConjureBlade"],"picked":"SKIP","floor":45},{"not_picked":["FlyingSleeves+1","Protect","Fasting2","SashWhip+1"],"picked":"SKIP","floor":47},{"not_picked":["EmptyFist+1","BattleHymn","CutThroughFate+1"],"picked":"Sanctity+1","floor":48}],"player_experience":1924492,"relics_obtained":[{"floor":6,"key":"Molten Egg 2"},{"floor":9,"key":"Question Card"},{"floor":10,"key":"Darkstone Periapt"},{"floor":22,"key":"PreservedInsect"},{"floor":26,"key":"Bag of Preparation"},{"floor":28,"key":"Art of War"},{"floor":31,"key":"Pear"},{"floor":41,"key":"Ancient Tea Set"}],"event_choices":[{"damage_healed":0,"gold_gain":0,"player_choice":"Grow","damage_taken":0,"max_hp_gain":0,"max_hp_loss":0,"event_name":"Living Wall","floor":4,"gold_loss":0,"cards_upgraded":["CarveReality"]},{"damage_healed":0,"gold_gain":56,"player_choice":"Gained Gold","damage_taken":0,"max_hp_gain":0,"max_hp_loss":0,"event_name":"Golden Wing","floor":12,"gold_loss":0},{"damage_healed":0,"gold_gain":0,"player_choice":"Ignored","damage_taken":0,"max_hp_gain":0,"max_hp_loss":0,"event_name":"Vampires","floor":20,"gold_loss":0},{"damage_healed":0,"gold_gain":0,"player_choice":"Ignored","damage_taken":0,"max_hp_gain":0,"max_hp_loss":0,"event_name":"Tomb of Lord Red Mask","floor":37,"gold_loss":0}],"is_beta":true,"boss_relics":[{"not_picked":["Sozu","Snecko Eye"],"picked":"Astrolabe"},{"not_picked":["Busted Crown","Tiny House"],"picked":"Cursed Key"}],"items_purged_floors":[19],"is_endless":false,"potions_floor_spawned":[1,3,8,16,18,21,29,30,39,44,47,48],"killed_by":"Awakened One","ascension_level":20}