{"gold_per_floor":[111,122,122,8,62,104,133,174,254,277,277,305,305,325,325,413,413,434,37,46,70,81,115,138,182,182,57,57,71,0,18,18,106,106,134,234,234,253,266,266,93,104,104,118,136,420,235,277,277,277],"floor_reached":50,"playtime":4283,"items_purged":["Pain","Strike_P","Strike_P","Regret"],"score":1223,"play_id":"546b2df9-aef2-430f-932f-b1036004649a","local_time":"20191009223540","is_ascension_mode":true,"campfire_choices":[{"data":"WheelKick","floor":11.0,"key":"SMITH"},{"data":"TalkToTheHand","floor":13.0,"key":"SMITH"},{"data":"Conclude","floor":15.0,"key":"SMITH"},{"floor":32.0,"key":"REST"},{"floor":40.0,"key":"RECALL"},{"data":"Fasting2","floor":49,"key":"SMITH"}],"neow_cost":"NONE","seed_source_timestamp":0,"circlet_count":0,"master_deck":["AscendersBane","Defend_P","Defend_P","Defend_P+1","Eruption+1","Vigilance","Conclude+1","DeceiveReality","WheelKick+1","FollowUp","EmptyFist","Establishment+1","CarveReality+1","TalkToTheHand+1","EmptyBody","Ragnarok+1","Protect+1","LessonLearned+1","SandsOfTime+1","Swivel+1","Worship+1","Fasting2+1","MasterReality","DeceiveReality","Protect","DevaForm","Vault+1","Sanctity","Fasting2","WheelKick"],"special_seed":0,"relics":["PureWater","WarpedTongs","CeramicFish","Bag of Preparation","MealTicket","Eternal Feather","Philosopher\u0027s Stone","Lee\u0027s Waffle","Question Card","StoneCalendar","TungstenRod","SlaversCollar","Shovel","Bronze Scales","Art of War"],"potions_floor_usage":[50,50],"damage_taken":[{"damage":0.0,"enemies":"2 Louse","floor":1.0,"turns":3.0},{"damage":2.0,"enemies":"Cultist","floor":2.0,"turns":3.0},{"damage":8.0,"enemies":"Gremlin Nob","floor":6.0,"turns":3.0},{"damage":0.0,"enemies":"Jaw Worm","floor":7.0,"turns":1.0},{"damage":0.0,"enemies":"3 Sentries","floor":8.0,"turns":2.0},{"damage":0.0,"enemies":"Blue Slaver","floor":10.0,"turns":3.0},{"damage":0.0,"enemies":"2 Fungi Beasts","floor":12.0,"turns":1.0},{"damage":2.0,"enemies":"Red Slaver","floor":14.0,"turns":3.0},{"damage":26.0,"enemies":"Slime Boss","floor":16.0,"turns":8.0},{"damage":24.0,"enemies":"3 Byrds","floor":18.0,"turns":4.0},{"damage":3.0,"enemies":"Spheric Guardian","floor":21.0,"turns":3.0},{"damage":0.0,"enemies":"Cultist and Chosen","floor":22.0,"turns":4.0},{"damage":22.0,"enemies":"Slavers","floor":23.0,"turns":9.0},{"damage":25.0,"enemies":"Shelled Parasite and Fungi","floor":24.0,"turns":5.0},{"damage":3.0,"enemies":"Gremlin Leader","floor":25.0,"turns":10.0},{"damage":12.0,"enemies":"Chosen and Byrds","floor":29.0,"turns":7.0},{"damage":0.0,"enemies":"Champ","floor":33.0,"turns":14.0},{"damage":8.0,"enemies":"3 Darklings","floor":35.0,"turns":6.0},{"damage":0.0,"enemies":"Mind Bloom Boss Battle","floor":36.0,"turns":13.0},{"damage":1.0,"enemies":"Orb Walker","floor":38.0,"turns":6.0},{"damage":35.0,"enemies":"Sphere and 2 Shapes","floor":39.0,"turns":7.0},{"damage":0.0,"enemies":"Maw","floor":42.0,"turns":6.0},{"damage":5.0,"enemies":"Writhing Mass","floor":44.0,"turns":7.0},{"damage":0.0,"enemies":"Jaw Worm Horde","floor":45.0,"turns":4.0},{"damage":8,"enemies":"Reptomancer","floor":48,"turns":9},{"damage":80,"enemies":"Awakened One","floor":50,"turns":3}],"seed_played":"-1734309915257085600","potions_obtained":[{"floor":0.0,"key":"AttackPotion"},{"floor":0.0,"key":"DuplicationPotion"},{"floor":12.0,"key":"SteroidPotion"},{"floor":16.0,"key":"Strength Potion"},{"floor":24.0,"key":"Dexterity Potion"},{"floor":25.0,"key":"DuplicationPotion"},{"floor":38.0,"key":"DuplicationPotion"}],"is_trial":false,"path_per_floor":["M","M","?","$","T","E","M","E","T","M","R","M","R","M","R","B",null,"M","$","?","M","M","E","M","E","T","$","?","M","?","?","R","B",null,"M","?","?","M","M","R","$","M","T","M","M","?","$","E","R","B"],"character_chosen":"WATCHER","items_purchased":["WheelKick","LessonLearned","Lee\u0027s Waffle","SandsOfTime","Bronze Scales","Fasting2"],"campfire_rested":1,"item_purchase_floors":[4,19,19,19,41,47],"current_hp_per_floor":[61,59,59,59,59,51,51,51,51,51,60,60,68,66,68,42,62,38,75,75,72,72,50,25,22,22,37,37,25,25,25,62,62,72,64,64,64,63,28,43,58,58,58,53,53,53,68,60,75,0],"gold":277,"neow_bonus":"THREE_SMALL_POTIONS","is_prod":false,"is_daily":false,"chose_seed":false,"campfire_upgraded":4,"win_rate":0,"timestamp":1570656940,"path_taken":["M","M","?","$","?","E","M","E","T","?","R","M","R","M","R","BOSS","M","$","?","M","M","E","M","E","T","$","?","?","?","?","R","BOSS","M","?","?","M","M","R","$","M","T","M","M","?","$","E","R","BOSS"],"build_version":"2019-10-09","purchased_purges":4,"victory":false,"max_hp_per_floor":[68,68,68,68,68,68,68,68,68,68,68,68,68,68,68,68,68,68,75,75,75,75,75,75,75,75,75,75,75,75,75,75,75,75,75,75,75,75,75,75,75,75,75,75,75,75,75,75,75,75],"card_choices":[{"not_picked":["Weave","LikeWater"],"picked":"Conclude","floor":1.0},{"not_picked":["Crescendo","Flick"],"picked":"DeceiveReality","floor":2.0},{"not_picked":["Wish","Wireheading"],"picked":"FollowUp","floor":6.0},{"not_picked":["FlyingSleeves","JustLucky"],"picked":"EmptyFist","floor":7.0},{"not_picked":["FlurryOfBlows","SashWhip"],"picked":"Establishment","floor":8.0},{"not_picked":["EmptyMind","FearNoEvil"],"picked":"CarveReality","floor":10.0},{"not_picked":["Tantrum","SashWhip"],"picked":"TalkToTheHand","floor":12.0},{"not_picked":["ClearTheMind","FollowUp"],"picked":"EmptyBody","floor":14.0},{"not_picked":["DeusExMachina","Vault"],"picked":"Ragnarok","floor":16.0},{"not_picked":["FlyingSleeves","Wireheading"],"picked":"Protect+1","floor":18.0},{"not_picked":["PathToVictory","CutThroughFate"],"picked":"Worship","floor":21.0},{"not_picked":["EmptyFist","EmptyBody","FlurryOfBlows"],"picked":"SKIP","floor":22.0},{"not_picked":["Swivel","SashWhip"],"picked":"Fasting2","floor":23.0},{"not_picked":["BowlingBash","FollowUp","FlurryOfBlows"],"picked":"MasterReality","floor":24.0},{"not_picked":["Sanctity","SignatureMove","FlyingSleeves"],"picked":"DeceiveReality","floor":25.0},{"not_picked":["SashWhip","Collect","Wallop","CrushJoints"],"picked":"SKIP","floor":29.0},{"not_picked":["Ragnarok","Judgement","LessonLearned"],"picked":"Vault","floor":33.0},{"not_picked":["Wireheading","Consecrate","CutThroughFate"],"picked":"Fasting2","floor":35.0},{"not_picked":["ThirdEye+1","FlurryOfBlows+1","Pray"],"picked":"Sanctity","floor":38.0},{"not_picked":["EmptyBody+1","Worship","ThirdEye","SignatureMove"],"picked":"SKIP","floor":39.0},{"not_picked":["JustLucky+1","WheelKick+1","Ragnarok","Flick"],"picked":"SKIP","floor":42.0},{"not_picked":["Wallop+1","FollowUp","Pray","FlurryOfBlows"],"picked":"SKIP","floor":44.0},{"not_picked":["FollowUp","BowlingBash","ThirdEye+1","Protect"],"picked":"SKIP","floor":45.0},{"not_picked":["Halt","JustLucky","Devotion"],"picked":"WheelKick","floor":48}],"player_experience":1912758,"relics_obtained":[{"floor":5.0,"key":"CeramicFish"},{"floor":6.0,"key":"Bag of Preparation"},{"floor":8.0,"key":"MealTicket"},{"floor":9.0,"key":"Eternal Feather"},{"floor":23.0,"key":"Question Card"},{"floor":25.0,"key":"StoneCalendar"},{"floor":26.0,"key":"TungstenRod"},{"floor":36.0,"key":"Shovel"},{"floor":48,"key":"Art of War"}],"event_choices":[{"damage_healed":0.0,"max_hp_gain":0.0,"max_hp_loss":0.0,"gold_gain":0.0,"event_name":"Accursed Blacksmith","player_choice":"Rummage","floor":3.0,"gold_loss":0.0,"damage_taken":0.0,"relics_obtained":["WarpedTongs"],"cards_obtained":["Pain"]},{"damage_healed":0.0,"max_hp_gain":0.0,"max_hp_loss":0.0,"gold_gain":0.0,"event_name":"The Library","player_choice":"Read","floor":20.0,"gold_loss":0.0,"damage_taken":0.0,"cards_obtained":["Swivel"]},{"cards_removed":["Strike_P"],"damage_healed":0.0,"max_hp_gain":0.0,"max_hp_loss":0.0,"gold_gain":0.0,"event_name":"Bonfire Elementals","player_choice":"Offered Basic","floor":28.0,"gold_loss":0.0,"damage_taken":0.0},{"damage_healed":0.0,"max_hp_gain":0.0,"max_hp_loss":0.0,"gold_gain":0.0,"event_name":"Masked Bandits","player_choice":"Paid Fearfully","floor":30.0,"gold_loss":71.0,"damage_taken":0.0},{"damage_healed":0.0,"max_hp_gain":0.0,"max_hp_loss":0.0,"gold_gain":0.0,"cards_transformed":["Defend_P","Strike_P"],"event_name":"Drug Dealer","player_choice":"Became Test Subject","floor":31.0,"gold_loss":0.0,"damage_taken":0.0,"cards_obtained":["Protect","DevaForm"]},{"damage_healed":0.0,"max_hp_gain":0.0,"max_hp_loss":0.0,"gold_gain":0.0,"event_name":"MindBloom","player_choice":"Fight","floor":36.0,"gold_loss":0.0,"damage_taken":0.0},{"cards_removed":["Fasting2"],"damage_healed":0.0,"max_hp_gain":0.0,"max_hp_loss":0.0,"gold_gain":0.0,"event_name":"Falling","player_choice":"Removed Power","floor":37.0,"gold_loss":0.0,"damage_taken":0.0},{"damage_healed":0.0,"max_hp_gain":0.0,"max_hp_loss":0.0,"gold_gain":275.0,"event_name":"Golden Shrine","player_choice":"Desecrate","floor":46.0,"gold_loss":0.0,"damage_taken":0.0,"cards_obtained":["Regret"]}],"is_beta":true,"boss_relics":[{"not_picked":["Calling Bell","SacredBark"],"picked":"Philosopher\u0027s Stone"},{"not_picked":["Coffee Dripper","Astrolabe"],"picked":"SlaversCollar"}],"items_purged_floors":[4,19,27,47],"is_endless":false,"potions_floor_spawned":[1,2,12,16,18,21,24,25,38,39,44,48],"killed_by":"Awakened One","ascension_level":20}