{"gold_per_floor":[114,114,114,128,148,189,189,189],"floor_reached":8,"playtime":559,"items_purged":[],"score":106,"play_id":"a7f5aac0-4c1f-4879-81a8-b2a068a3d98a","local_time":"20191003001414","is_ascension_mode":true,"campfire_choices":[{"floor":7,"key":"REST"}],"neow_cost":"PERCENT_DAMAGE","seed_source_timestamp":1808557507560900,"circlet_count":0,"master_deck":["AscendersBane","Strike_P","Strike_P","Strike_P","Strike_P","Defend_P","Defend_P","Defend_P","Defend_P","Eruption","Vigilance","Transmutation","BowlingBash","FlyingSleeves","Wallop"],"relics":["PureWater","Golden Idol","HornCleat"],"potions_floor_usage":[6,6],"damage_taken":[{"damage":0,"enemies":"Cultist","floor":1,"turns":3},{"damage":4,"enemies":"Small Slimes","floor":4,"turns":6},{"damage":4,"enemies":"Jaw Worm","floor":5,"turns":4},{"damage":33,"enemies":"3 Sentries","floor":6,"turns":10},{"damage":86,"enemies":"Gremlin Nob","floor":8,"turns":3}],"seed_played":"-6493422123995810313","potions_obtained":[{"floor":4,"key":"Fruit Juice"},{"floor":5,"key":"Block Potion"}],"is_trial":false,"path_per_floor":["M","?","?","M","M","E","R","E"],"character_chosen":"WATCHER","items_purchased":[],"campfire_rested":1,"item_purchase_floors":[],"current_hp_per_floor":[43,43,43,39,35,7,27,0],"gold":189,"neow_bonus":"RANDOM_COLORLESS_2","is_prod":false,"is_daily":false,"chose_seed":false,"campfire_upgraded":0,"win_rate":0,"timestamp":1570058054,"path_taken":["M","?","?","M","M","E","R","E"],"build_version":"2019-10-02","purchased_purges":0,"victory":false,"max_hp_per_floor":[68,68,62,62,62,67,67,67],"card_choices":[{"not_picked":["Panache","Secret Weapon"],"picked":"Transmutation","floor":0},{"not_picked":["FollowUp","Prostrate","Perseverance"],"picked":"SKIP","floor":1},{"not_picked":["Meditate","Collect"],"picked":"BowlingBash","floor":4},{"not_picked":["BattleHymn","SignatureMove"],"picked":"FlyingSleeves","floor":5},{"not_picked":["WindmillStrike","FlurryOfBlows"],"picked":"Wallop","floor":6}],"player_experience":1855962,"relics_obtained":[{"floor":6,"key":"HornCleat"}],"event_choices":[{"damage_healed":0,"gold_gain":0,"player_choice":"Leave","damage_taken":0,"max_hp_gain":0,"max_hp_loss":0,"event_name":"The Cleric","floor":2,"gold_loss":0},{"damage_healed":0,"gold_gain":0,"player_choice":"Lose Max HP","damage_taken":0,"relics_obtained":["Golden Idol"],"max_hp_gain":0,"max_hp_loss":6,"event_name":"Golden Idol","floor":3,"gold_loss":0}],"is_beta":true,"boss_relics":[],"items_purged_floors":[],"is_endless":false,"potions_floor_spawned":[4,5],"killed_by":"Gremlin Nob","ascension_level":18}