{"gold_per_floor":[116,116,26,45,61,101,26,64,91,91,109,132,146,165,165,165],"floor_reached":16,"playtime":915,"items_purged":[],"score":278,"play_id":"3531650c-301c-44b4-b84c-2d56775dc63b","local_time":"20191004210146","is_ascension_mode":true,"campfire_choices":[{"data":"TalkToTheHand","floor":10,"key":"SMITH"},{"data":"Nirvana","floor":15,"key":"SMITH"}],"neow_cost":"NONE","seed_source_timestamp":69966012447300,"circlet_count":0,"master_deck":["AscendersBane","Strike_P","Strike_P","Strike_P","Strike_P","Defend_P","Defend_P","Defend_P","Eruption","Vigilance","JustLucky","TalkToTheHand+1","FlyingSleeves","Meditate","SashWhip","Nirvana+1","Weave"],"relics":["PureWater","Golden Idol","MealTicket","Pen Nib","Orichalcum"],"potions_floor_usage":[6,16],"damage_taken":[{"damage":1,"enemies":"Small Slimes","floor":1,"turns":5},{"damage":0,"enemies":"2 Louse","floor":4,"turns":2},{"damage":2,"enemies":"Jaw Worm","floor":5,"turns":2},{"damage":0,"enemies":"Gremlin Nob","floor":6,"turns":2},{"damage":34,"enemies":"Lagavulin","floor":8,"turns":8},{"damage":0,"enemies":"2 Fungi Beasts","floor":11,"turns":3},{"damage":5,"enemies":"Red Slaver","floor":12,"turns":3},{"damage":0,"enemies":"Looter","floor":13,"turns":3},{"damage":5,"enemies":"Lots of Slimes","floor":14,"turns":6},{"damage":22,"enemies":"Slime Boss","floor":16,"turns":8}],"seed_played":"8325628484935656184","potions_obtained":[{"floor":1,"key":"FearPotion"},{"floor":5,"key":"LiquidBronze"},{"floor":12,"key":"Weak Potion"},{"floor":14,"key":"DuplicationPotion"}],"is_trial":false,"path_per_floor":["M","?","$","M","M","E","?","E","T","R","M","M","M","M","R","B"],"character_chosen":"WATCHER","items_purchased":["TalkToTheHand"],"campfire_rested":0,"item_purchase_floors":[3],"current_hp_per_floor":[66,66,66,66,64,64,64,30,30,30,30,25,25,20,20,0],"gold":165,"neow_bonus":"TEN_PERCENT_HP_BONUS","is_prod":false,"is_daily":false,"chose_seed":false,"campfire_upgraded":2,"win_rate":0,"timestamp":1570219306,"path_taken":["M","?","$","M","M","E","?","E","T","R","M","M","M","M","R","BOSS"],"build_version":"2019-10-04","purchased_purges":0,"victory":false,"max_hp_per_floor":[74,67,67,67,67,67,67,67,67,67,67,67,67,67,67,67],"card_choices":[{"not_picked":["SignatureMove","BattleHymn"],"picked":"JustLucky","floor":1},{"not_picked":["SpiritShield","JustLucky"],"picked":"FlyingSleeves","floor":4},{"not_picked":["Vengeance","Prostrate","Sanctity"],"picked":"SKIP","floor":5},{"not_picked":["WreathOfFlame","ReachHeaven"],"picked":"Meditate","floor":6},{"not_picked":["WaveOfTheHand","Wireheading"],"picked":"SashWhip","floor":8},{"not_picked":["Sanctity","SignatureMove","JustLucky"],"picked":"SKIP","floor":11},{"not_picked":["Sanctity","Perseverance","EmptyBody"],"picked":"SKIP","floor":12},{"not_picked":["SashWhip","FollowUp"],"picked":"Nirvana","floor":13},{"not_picked":["Conclude","WaveOfTheHand"],"picked":"Weave","floor":14}],"player_experience":1878138,"relics_obtained":[{"floor":6,"key":"MealTicket"},{"floor":8,"key":"Pen Nib"},{"floor":9,"key":"Orichalcum"}],"event_choices":[{"damage_healed":0,"gold_gain":0,"player_choice":"Lose Max HP","damage_taken":0,"relics_obtained":["Golden Idol"],"max_hp_gain":0,"max_hp_loss":7,"event_name":"Golden Idol","floor":2,"gold_loss":0},{"cards_removed":["Defend_P"],"damage_healed":0,"gold_gain":0,"player_choice":"Card Removal","damage_taken":0,"max_hp_gain":0,"max_hp_loss":0,"event_name":"The Cleric","floor":7,"gold_loss":75}],"is_beta":true,"boss_relics":[],"items_purged_floors":[],"is_endless":false,"potions_floor_spawned":[1,5,12,14],"killed_by":"Slime Boss","ascension_level":20}