{"gold_per_floor":[116,128,138,152,152,184,184,216,216,242,255,255,14,28,28,102,102,113,113,60,77,77],"floor_reached":22,"playtime":2871,"items_purged":[],"score":450,"play_id":"07499ef3-4f7e-4397-aa4f-18c160c0f0ec","local_time":"20191003221533","is_ascension_mode":true,"campfire_choices":[{"floor":7,"key":"REST"},{"floor":12,"key":"REST"},{"data":"Devotion","floor":15,"key":"SMITH"}],"neow_cost":"NONE","seed_source_timestamp":1885479279712500,"circlet_count":0,"master_deck":["AscendersBane","Strike_P","Strike_P","Strike_P","Strike_P","Defend_P","Defend_P","Defend_P","Defend_P","Eruption","Vigilance","Wireheading","CutThroughFate","CutThroughFate","Weave","Devotion+1","SandsOfTime","SashWhip","Weave","Panache","Sanctity","Wish","Devotion+1","ThirdEye","Wallop"],"special_seed":0,"relics":["PureWater","Omamori","Boot","Sundial","Mummified Hand","Sozu"],"potions_floor_usage":[6,8,10,18,22],"damage_taken":[{"damage":0.0,"enemies":"Cultist","floor":1.0,"turns":2.0},{"damage":0.0,"enemies":"Small Slimes","floor":2.0,"turns":2.0},{"damage":0.0,"enemies":"Jaw Worm","floor":3.0,"turns":5.0},{"damage":18,"enemies":"Lots of Slimes","floor":4,"turns":4},{"damage":0,"enemies":"Lagavulin","floor":6,"turns":3},{"damage":17,"enemies":"3 Sentries","floor":8,"turns":8},{"damage":12,"enemies":"Lagavulin","floor":10,"turns":5},{"damage":29,"enemies":"Exordium Thugs","floor":11,"turns":4},{"damage":7,"enemies":"Exordium Wildlife","floor":14,"turns":3},{"damage":20,"enemies":"Hexaghost","floor":16,"turns":8},{"damage":11,"enemies":"Spheric Guardian","floor":18,"turns":4},{"damage":41,"enemies":"2 Thieves","floor":21,"turns":3},{"damage":5,"enemies":"Cultist and Chosen","floor":22,"turns":3}],"seed_played":"407433547845991464","potions_obtained":[{"floor":0.0,"key":"FearPotion"},{"floor":0.0,"key":"GamblersBrew"},{"floor":6,"key":"AttackPotion"},{"floor":8,"key":"SpeedPotion"},{"floor":16,"key":"GamblersBrew"}],"is_trial":false,"path_per_floor":["M","M","M","M","?","E","R","E","T","E","M","R","$","M","R","B",null,"M","?","$","M","M"],"character_chosen":"WATCHER","items_purchased":["Panache","Sanctity","ThirdEye"],"campfire_rested":2,"item_purchase_floors":[13,13,20],"current_hp_per_floor":[61,61,61,43,48,48,69,52,52,40,11,32,32,25,25,5,56,45,45,45,4,0],"gold":77,"neow_bonus":"THREE_SMALL_POTIONS","is_prod":false,"is_daily":false,"chose_seed":false,"campfire_upgraded":1,"win_rate":0,"timestamp":1570137333,"path_taken":["M","?","M","M","?","E","R","E","T","E","M","R","$","M","R","BOSS","M","?","$","?","M"],"build_version":"2019-10-03","purchased_purges":0,"victory":false,"max_hp_per_floor":[68,68,68,68,73,73,73,73,73,73,73,73,73,73,73,73,73,73,73,73,73,73],"card_choices":[{"not_picked":["Consecrate","Prostrate"],"picked":"Wireheading","floor":1.0},{"not_picked":["Fasting2","Prostrate"],"picked":"CutThroughFate","floor":2.0},{"not_picked":["FollowUp","Collect"],"picked":"CutThroughFate","floor":3.0},{"not_picked":["WreathOfFlame","ThirdEye"],"picked":"Weave","floor":4},{"not_picked":["Prostrate","ReachHeaven"],"picked":"Devotion","floor":6},{"not_picked":["Sanctity","Vengeance"],"picked":"SandsOfTime","floor":8},{"not_picked":["EmptyMind","PathToVictory"],"picked":"SashWhip","floor":10},{"not_picked":["CrushJoints","Prostrate"],"picked":"Weave","floor":11},{"not_picked":["SashWhip","MasterReality","FollowUp"],"picked":"SKIP","floor":14},{"not_picked":["Judgement","Establishment"],"picked":"Wish","floor":16},{"not_picked":["ForeignInfluence","EmptyFist","BowlingBash"],"picked":"SKIP","floor":18},{"not_picked":["WaveOfTheHand","FlowState"],"picked":"Wallop","floor":21}],"player_experience":1862555,"relics_obtained":[{"floor":6,"key":"Omamori"},{"floor":8,"key":"Boot"},{"floor":9,"key":"Sundial"},{"floor":10,"key":"Mummified Hand"}],"event_choices":[{"damage_healed":0,"gold_gain":0,"player_choice":"Donut","damage_taken":0,"max_hp_gain":5,"max_hp_loss":0,"event_name":"Big Fish","floor":5,"gold_loss":0},{"damage_healed":0,"gold_gain":0,"player_choice":"Copied","damage_taken":0,"max_hp_gain":0,"max_hp_loss":0,"event_name":"Duplicator","floor":19,"gold_loss":0,"cards_obtained":["Devotion"]}],"is_beta":true,"boss_relics":[{"not_picked":["Snecko Eye","VioletLotus"],"picked":"Sozu"}],"items_purged_floors":[],"is_endless":false,"potions_floor_spawned":[3,4,6,8,16],"killed_by":"Cultist and Chosen","ascension_level":19}