{"gold_per_floor":[14,14,14,27,44,44,378,392,392,422,434,434,446,471,471,471],"floor_reached":16,"playtime":1225,"items_purged":[],"score":294,"play_id":"5be9692e-6ad7-4fc9-bddd-d078ba38a1d8","local_time":"20191030192556","is_ascension_mode":true,"campfire_choices":[{"data":"Evaluate","floor":6,"key":"SMITH"},{"data":"Consecrate","floor":12,"key":"SMITH"},{"data":"Eruption","floor":15,"key":"SMITH"}],"neow_cost":"NO_GOLD","seed_source_timestamp":1796026435949600,"circlet_count":0,"master_deck":["AscendersBane","Strike_P","Strike_P","Strike_P","Strike_P","Defend_P","Defend_P","Defend_P","Defend_P","Eruption+1","Vigilance","MasterReality+1","FlurryOfBlows","Evaluate+1","TalkToTheHand","BattleHymn","LikeWater","Consecrate+1","Scrawl"],"relics":["PureWater","Old Coin","Calipers","Mango","White Beast Statue"],"potions_floor_usage":[7,7,16,16],"damage_taken":[{"damage":2,"enemies":"Jaw Worm","floor":1,"turns":6},{"damage":7,"enemies":"Cultist","floor":4,"turns":5},{"damage":0,"enemies":"2 Louse","floor":5,"turns":2},{"damage":10,"enemies":"3 Sentries","floor":7,"turns":7},{"damage":1,"enemies":"2 Fungi Beasts","floor":8,"turns":3},{"damage":0,"enemies":"Lagavulin","floor":10,"turns":5},{"damage":11,"enemies":"3 Louse","floor":11,"turns":2},{"damage":10,"enemies":"Exordium Thugs","floor":13,"turns":6},{"damage":15,"enemies":"3 Sentries","floor":14,"turns":7},{"damage":21,"enemies":"Slime Boss","floor":16,"turns":3}],"seed_played":"1675502249512786317","potions_obtained":[{"floor":3,"key":"PowerPotion"},{"floor":3,"key":"BlessingOfTheForge"},{"floor":7,"key":"DistilledChaos"},{"floor":8,"key":"DuplicationPotion"},{"floor":10,"key":"Block Potion"}],"is_trial":false,"path_per_floor":["M","?","?","M","M","R","E","M","T","E","M","R","M","E","R","B"],"character_chosen":"WATCHER","items_purchased":[],"campfire_rested":0,"item_purchase_floors":[],"current_hp_per_floor":[59,59,59,52,52,52,42,41,41,55,44,44,34,19,19,0],"gold":471,"neow_bonus":"THREE_RARE_CARDS","is_prod":false,"is_daily":false,"chose_seed":false,"campfire_upgraded":3,"win_rate":0,"timestamp":1572463556,"path_taken":["M","?","?","M","M","R","E","M","T","E","?","R","M","E","R","BOSS"],"build_version":"2019-10-29","purchased_purges":0,"victory":false,"max_hp_per_floor":[68,68,68,68,68,68,68,68,68,82,82,82,82,82,82,82],"card_choices":[{"not_picked":["Blasphemy","Omniscience"],"picked":"MasterReality","floor":0},{"not_picked":["Prostrate","PathToVictory"],"picked":"FlurryOfBlows","floor":1},{"not_picked":["JustLucky","SashWhip"],"picked":"Evaluate","floor":4},{"not_picked":["Tantrum","ReachHeaven"],"picked":"TalkToTheHand","floor":5},{"not_picked":["Adaptation","DeusExMachina"],"picked":"BattleHymn","floor":7},{"not_picked":["JustLucky","FollowUp"],"picked":"LikeWater","floor":8},{"not_picked":["FlyingSleeves","Fasting2","EmptyMind"],"picked":"SKIP","floor":10},{"not_picked":["PathToVictory","Prostrate"],"picked":"Consecrate","floor":11},{"not_picked":["WaveOfTheHand","BowlingBash","CrushJoints"],"picked":"SKIP","floor":13},{"not_picked":["Crescendo","CrushJoints"],"picked":"Scrawl","floor":14}],"player_experience":1974895,"relics_obtained":[{"floor":7,"key":"Old Coin"},{"floor":9,"key":"Calipers"},{"floor":10,"key":"Mango"},{"floor":14,"key":"White Beast Statue"}],"event_choices":[{"damage_healed":0,"gold_gain":0,"player_choice":"Grow","damage_taken":0,"max_hp_gain":0,"max_hp_loss":0,"event_name":"Living Wall","floor":2,"gold_loss":0,"cards_upgraded":["MasterReality"]},{"damage_healed":0,"gold_gain":0,"player_choice":"Got Potions","damage_taken":0,"max_hp_gain":0,"max_hp_loss":0,"event_name":"Lab","floor":3,"gold_loss":0}],"is_beta":true,"boss_relics":[],"items_purged_floors":[],"is_endless":false,"potions_floor_spawned":[5,7,8,10],"killed_by":"Slime Boss","ascension_level":20}