{"gold_per_floor":[113,18,30,47,62,62,87,106,106,106,139,64,86,130,130,130],"floor_reached":16,"playtime":1880,"items_purged":["Strike_P"],"score":344,"play_id":"721bdce6-28ae-426e-adc2-45dc763dbcc1","local_time":"20191101200635","is_ascension_mode":true,"campfire_choices":[{"data":"Wallop","floor":6.0,"key":"SMITH"},{"data":"Wallop","floor":10.0,"key":"SMITH"},{"data":"Consecrate","floor":15,"key":"SMITH"}],"neow_cost":"NONE","seed_source_timestamp":1970594613128500,"circlet_count":0,"master_deck":["AscendersBane","Strike_P","Strike_P","Defend_P","Defend_P","Defend_P","Defend_P","Eruption","Vigilance","Wallop+1","EmptyFist","Wallop+1","Consecrate+1","Swivel","ThirdEye","FlurryOfBlows"],"special_seed":0,"relics":["PureWater","Bronze Scales","Tiny Chest","CeramicFish","Darkstone Periapt","Eternal Feather"],"potions_floor_usage":[14,16],"damage_taken":[{"damage":8.0,"enemies":"Jaw Worm","floor":1.0,"turns":6.0},{"damage":0.0,"enemies":"Cultist","floor":3.0,"turns":3.0},{"damage":0.0,"enemies":"2 Louse","floor":4.0,"turns":2.0},{"damage":2.0,"enemies":"Gremlin Gang","floor":5.0,"turns":5.0},{"damage":0.0,"enemies":"Gremlin Nob","floor":7.0,"turns":3.0},{"damage":0.0,"enemies":"Blue Slaver","floor":8.0,"turns":4.0},{"damage":2.0,"enemies":"3 Sentries","floor":11.0,"turns":5.0},{"damage":8.0,"enemies":"Exordium Thugs","floor":13.0,"turns":4.0},{"damage":0,"enemies":"Gremlin Nob","floor":14,"turns":3},{"damage":52,"enemies":"Hexaghost","floor":16,"turns":9}],"seed_played":"17389737731683357","potions_obtained":[{"floor":1.0,"key":"Fire Potion"},{"floor":5.0,"key":"Block Potion"},{"floor":7.0,"key":"Fire Potion"},{"floor":13.0,"key":"Ambrosia"}],"is_trial":false,"path_per_floor":["M","?","M","M","M","R","E","M","T","R","E","$","M","E","R","B"],"character_chosen":"WATCHER","items_purchased":[],"campfire_rested":0,"item_purchase_floors":[],"current_hp_per_floor":[53,53,53,53,51,51,51,51,51,51,49,49,41,41,50,0],"gold":130,"neow_bonus":"REMOVE_CARD","is_prod":false,"is_daily":false,"chose_seed":false,"campfire_upgraded":3,"win_rate":0,"timestamp":1572638795,"path_taken":["M","?","M","M","M","R","E","M","T","R","E","$","?","E","R","BOSS"],"build_version":"2019-11-01","purchased_purges":1,"victory":false,"max_hp_per_floor":[68,68,68,68,68,68,68,68,68,68,68,68,68,68,68,68],"card_choices":[{"not_picked":["ThirdEye","FlyingSleeves"],"picked":"Wallop","floor":1.0},{"not_picked":["ThirdEye","SignatureMove"],"picked":"EmptyFist","floor":3.0},{"not_picked":["Prostrate","Adaptation"],"picked":"Wallop","floor":4.0},{"not_picked":["EmptyBody","PathToVictory"],"picked":"Consecrate","floor":5.0},{"not_picked":["ForeignInfluence","CrushJoints","CutThroughFate"],"picked":"SKIP","floor":7.0},{"not_picked":["CutThroughFate","Prostrate"],"picked":"Swivel","floor":8.0},{"not_picked":["SashWhip","CutThroughFate","EmptyMind"],"picked":"SKIP","floor":11.0},{"not_picked":["Consecrate","Worship"],"picked":"ThirdEye","floor":13.0},{"not_picked":["ForeignInfluence","Prostrate"],"picked":"FlurryOfBlows","floor":14}],"player_experience":1983286,"relics_obtained":[{"floor":7.0,"key":"Tiny Chest"},{"floor":9.0,"key":"CeramicFish"},{"floor":11.0,"key":"Darkstone Periapt"},{"floor":14,"key":"Eternal Feather"}],"event_choices":[{"damage_healed":0.0,"max_hp_gain":0.0,"max_hp_loss":0.0,"gold_gain":0.0,"event_name":"WeMeetAgain","player_choice":"Paid Gold","floor":2.0,"gold_loss":95.0,"damage_taken":0.0,"relics_obtained":["Bronze Scales"]}],"is_beta":true,"boss_relics":[],"items_purged_floors":[12],"is_endless":false,"potions_floor_spawned":[1,5,7,13],"killed_by":"Hexaghost","ascension_level":20}