{"gold_per_floor":[117,132,182,198,211,211,229,255,303,303,313,313,313],"floor_reached":13,"playtime":867,"items_purged":[],"score":174,"play_id":"53ea388f-3ad2-49c0-93ce-7be60352b916","local_time":"20200328150033","is_ascension_mode":true,"campfire_choices":[{"data":"FlurryOfBlows","floor":6,"key":"SMITH"},{"floor":10,"key":"REST"},{"data":"MentalFortress","floor":12,"key":"SMITH"}],"neow_cost":"NONE","seed_source_timestamp":1257222832984500,"circlet_count":0,"master_deck":["AscendersBane","Strike_P","Strike_P","Strike_P","Strike_P","Defend_P","Defend_P","Defend_P","Defend_P","Eruption","Vigilance","FlurryOfBlows","FlyingSleeves","Halt","FlurryOfBlows+1","Vengeance","Blasphemy","MentalFortress+1"],"relics":["PureWater","Omamori","MealTicket"],"potions_floor_usage":[13],"damage_taken":[{"damage":2,"enemies":"Jaw Worm","floor":1,"turns":6},{"damage":0,"enemies":"Cultist","floor":2,"turns":2},{"damage":0,"enemies":"2 Louse","floor":4,"turns":2},{"damage":23,"enemies":"Exordium Wildlife","floor":5,"turns":6},{"damage":19,"enemies":"3 Louse","floor":7,"turns":4},{"damage":15,"enemies":"3 Sentries","floor":8,"turns":5},{"damage":0,"enemies":"Looter","floor":11,"turns":2},{"damage":40,"enemies":"Exordium Thugs","floor":13,"turns":5}],"seed_played":"-2111677046857104851","potions_obtained":[{"floor":8,"key":"GamblersBrew"}],"is_trial":false,"path_per_floor":["M","M","?","M","M","R","M","E","T","R","M","R","M"],"character_chosen":"WATCHER","items_purchased":[],"campfire_rested":1,"item_purchase_floors":[],"current_hp_per_floor":[65,65,65,65,42,42,23,8,8,30,30,30,0],"gold":313,"neow_bonus":"TEN_PERCENT_HP_BONUS","is_prod":false,"is_daily":false,"chose_seed":false,"campfire_upgraded":2,"win_rate":0,"timestamp":1585407633,"path_taken":["M","M","?","M","M","R","M","E","T","R","M","R","?"],"build_version":"2020-03-05","purchased_purges":0,"victory":false,"max_hp_per_floor":[74,74,74,74,74,74,74,74,74,74,74,74,74],"card_choices":[{"not_picked":["ThirdEye","Prostrate"],"picked":"FlurryOfBlows","floor":1},{"not_picked":["WindmillStrike","Perseverance"],"picked":"FlyingSleeves","floor":2},{"not_picked":["FlyingSleeves","ThirdEye"],"picked":"Halt","floor":4},{"not_picked":["FlyingSleeves","CrushJoints"],"picked":"FlurryOfBlows","floor":5},{"not_picked":["SignatureMove","Adaptation"],"picked":"Vengeance","floor":7},{"not_picked":["Weave","SandsOfTime"],"picked":"Blasphemy","floor":8},{"not_picked":["InnerPeace","ClearTheMind"],"picked":"MentalFortress","floor":11}],"player_experience":2334131,"relics_obtained":[{"floor":8,"key":"Omamori"},{"floor":9,"key":"MealTicket"}],"event_choices":[{"damage_healed":0,"gold_gain":50,"player_choice":"Pray","damage_taken":0,"max_hp_gain":0,"max_hp_loss":0,"event_name":"Golden Shrine","floor":3,"gold_loss":0}],"is_beta":true,"boss_relics":[],"items_purged_floors":[],"is_endless":false,"potions_floor_spawned":[8],"killed_by":"Exordium Thugs","ascension_level":20}