{"gold_per_floor":[114,130,148,148,73,73,108,122,149,149,149,212,212,247,247,346,346,364,364,364,379,429,464,464,502,550,750,769,55,99,99,99,99],"floor_reached":33,"playtime":1891,"items_purged":["PathToVictory+1"],"score":618,"play_id":"fcf2b722-0450-4b43-91d7-292e2411bdfe","local_time":"20200528225932","is_ascension_mode":true,"campfire_choices":[{"data":"Conclude","floor":6,"key":"SMITH"},{"data":"CutThroughFate","floor":10,"key":"SMITH"},{"data":"Meditate","floor":15,"key":"SMITH"},{"floor":24,"key":"REST"},{"floor":32,"key":"REST"}],"neow_cost":"NONE","seed_source_timestamp":12963680326913,"circlet_count":0,"master_deck":["AscendersBane","Defend_P","Defend_P","Defend_P","Defend_P","Eruption+1","Vigilance+1","Conclude+1","CutThroughFate+1","Tantrum","Meditate+1","Halt","Blasphemy","ReachHeaven+1","Sanctity+1","SashWhip","J.A.X.","Worship+1","Consecrate","EmptyMind+1","BattleHymn","Flash of Steel"],"relics":["PureWater","Golden Idol","Juzu Bracelet","Oddly Smooth Stone","PreservedInsect","Astrolabe","Ginger","GoldenEye","Pocketwatch","Strawberry"],"potions_floor_usage":[14,16,23,23,25,28,30,30],"damage_taken":[{"damage":16,"enemies":"Cultist","floor":1,"turns":6},{"damage":0,"enemies":"Small Slimes","floor":2,"turns":2},{"damage":0,"enemies":"2 Louse","floor":3,"turns":1},{"damage":2,"enemies":"3 Sentries","floor":7,"turns":2},{"damage":5,"enemies":"Large Slime","floor":8,"turns":2},{"damage":8,"enemies":"Gremlin Nob","floor":14,"turns":3},{"damage":14,"enemies":"Hexaghost","floor":16,"turns":7},{"damage":0,"enemies":"3 Byrds","floor":18,"turns":3},{"damage":24,"enemies":"2 Thieves","floor":21,"turns":4},{"damage":22,"enemies":"Slavers","floor":23,"turns":2},{"damage":5,"enemies":"Book of Stabbing","floor":25,"turns":3},{"damage":3,"enemies":"Snake Plant","floor":28,"turns":3},{"damage":6,"enemies":"Gremlin Leader","floor":30,"turns":4},{"damage":103,"enemies":"Collector","floor":33,"turns":6}],"seed_played":"-8584982587132404887","potions_obtained":[{"floor":1,"key":"PowerPotion"},{"floor":3,"key":"Explosive Potion"},{"floor":14,"key":"SteroidPotion"},{"floor":21,"key":"Regen Potion"},{"floor":23,"key":"SkillPotion"},{"floor":25,"key":"LiquidMemories"}],"is_trial":false,"path_per_floor":["M","M","M","?","?","R","E","M","T","R","?","?","?","E","R","B",null,"M","?","?","M","?","E","R","E","T","?","M","$","E","?","R","B"],"character_chosen":"WATCHER","items_purchased":["Pocketwatch","BattleHymn","Flash of Steel","Swift Potion","SpeedPotion"],"campfire_rested":2,"item_purchase_floors":[29,29,29,29,29],"current_hp_per_floor":[45,45,45,45,45,45,43,38,38,38,38,38,38,30,30,16,51,51,51,51,27,27,10,28,23,23,23,20,20,21,15,35,0],"gold":99,"neow_bonus":"UPGRADE_CARD","is_prod":false,"is_daily":false,"chose_seed":false,"campfire_upgraded":3,"win_rate":0,"timestamp":1590731972,"path_taken":["M","?","M","?","?","R","E","M","T","R","?","?","?","E","R","BOSS","M","?","?","M","?","E","R","E","T","?","M","$","E","?","R","BOSS"],"build_version":"2020-05-27","purchased_purges":1,"victory":false,"max_hp_per_floor":[68,68,68,62,62,62,62,62,62,62,62,62,62,62,62,62,62,62,62,62,62,62,62,62,62,62,62,62,62,69,69,69,69],"card_choices":[{"not_picked":["Tantrum","Perseverance"],"picked":"Conclude","floor":1},{"not_picked":["ClearTheMind","Study"],"picked":"CutThroughFate","floor":2},{"not_picked":["FlurryOfBlows","ForeignInfluence"],"picked":"Tantrum","floor":3},{"not_picked":["BowlingBash","Evaluate"],"picked":"Meditate","floor":7},{"not_picked":["FlyingSleeves","Crescendo","Swivel"],"picked":"SKIP","floor":8},{"not_picked":["Worship","BowlingBash"],"picked":"Halt","floor":14},{"not_picked":["Scrawl","MasterReality"],"picked":"Blasphemy","floor":16},{"not_picked":["FollowUp","BowlingBash"],"picked":"SashWhip","floor":18},{"not_picked":["ThirdEye","EmptyFist"],"picked":"Worship+1","floor":21},{"not_picked":["CrushJoints","FlurryOfBlows"],"picked":"Consecrate","floor":23},{"not_picked":["Swivel","JustLucky"],"picked":"EmptyMind+1","floor":25},{"not_picked":["Evaluate","CrushJoints","Indignation"],"picked":"SKIP","floor":28},{"not_picked":["EmptyFist+1","EmptyBody","Crescendo+1"],"picked":"SKIP","floor":30}],"player_experience":2388149,"relics_obtained":[{"floor":7,"key":"Juzu Bracelet"},{"floor":9,"key":"Oddly Smooth Stone"},{"floor":14,"key":"PreservedInsect"},{"floor":23,"key":"Ginger"},{"floor":25,"key":"GoldenEye"},{"floor":30,"key":"Strawberry"}],"event_choices":[{"damage_healed":0,"gold_gain":0,"player_choice":"Lose Max HP","damage_taken":0,"relics_obtained":["Golden Idol"],"max_hp_gain":0,"max_hp_loss":6,"event_name":"Golden Idol","floor":4,"gold_loss":0},{"cards_removed":["Strike_P"],"damage_healed":0,"gold_gain":0,"player_choice":"Card Removal","damage_taken":0,"max_hp_gain":0,"max_hp_loss":0,"event_name":"The Cleric","floor":5,"gold_loss":75},{"damage_healed":0,"gold_gain":0,"player_choice":"Ignored","damage_taken":0,"max_hp_gain":0,"max_hp_loss":0,"event_name":"Liars Game","floor":11,"gold_loss":0},{"damage_healed":0,"gold_gain":63,"player_choice":"Gained Gold","damage_taken":0,"max_hp_gain":0,"max_hp_loss":0,"event_name":"Golden Wing","floor":12,"gold_loss":0},{"damage_healed":0,"gold_gain":0,"player_choice":"Grow","damage_taken":0,"max_hp_gain":0,"max_hp_loss":0,"event_name":"Living Wall","floor":13,"gold_loss":0,"cards_upgraded":["Vigilance"]},{"damage_healed":0,"gold_gain":0,"player_choice":"Ignored","damage_taken":0,"max_hp_gain":0,"max_hp_loss":0,"event_name":"Vampires","floor":19,"gold_loss":0},{"damage_healed":0,"gold_gain":0,"player_choice":"Obtain J.A.X.","damage_taken":0,"max_hp_gain":0,"max_hp_loss":0,"event_name":"Drug Dealer","floor":20,"gold_loss":0,"cards_obtained":["J.A.X."]},{"damage_healed":0,"gold_gain":50,"player_choice":"Stole From Cult","damage_taken":0,"max_hp_gain":0,"max_hp_loss":0,"event_name":"Nest","floor":22,"gold_loss":0},{"damage_healed":0,"gold_gain":200,"player_choice":"Gold","damage_taken":0,"max_hp_gain":0,"max_hp_loss":0,"event_name":"Wheel of Change","floor":27,"gold_loss":0},{"damage_healed":0,"gold_gain":0,"player_choice":"","damage_taken":6,"max_hp_gain":0,"max_hp_loss":0,"event_name":"Knowing Skull","floor":31,"potions_obtained":[],"gold_loss":0,"cards_obtained":[]}],"is_beta":true,"boss_relics":[{"not_picked":["Coffee Dripper","Ectoplasm"],"picked":"Astrolabe"}],"items_purged_floors":[29],"is_endless":false,"potions_floor_spawned":[1,3,14,21,23,25],"killed_by":"Collector","ascension_level":20}