{"gold_per_floor":[15,15,30,49,49,75,75,128,200,200,210,49,68,140,140,214,214,226,226,246,262,89,89],"floor_reached":23,"playtime":1069,"items_purged":["Strike_P"],"score":482,"play_id":"a6fd0a0b-3bba-46c4-9eec-8cab73e7e30b","local_time":"20200602231448","is_ascension_mode":true,"campfire_choices":[{"floor":7,"key":"REST"},{"data":"CrushJoints","floor":10,"key":"SMITH"},{"data":"Tantrum","floor":15,"key":"SMITH"}],"neow_cost":"NO_GOLD","seed_source_timestamp":112163947385623,"circlet_count":0,"master_deck":["AscendersBane","Strike_P","Strike_P","Strike_P","Defend_P","Defend_P","Defend_P","Defend_P+1","Eruption","Vigilance","ClearTheMind+1","SashWhip","CrushJoints+1","Tantrum+1","CutThroughFate","FearNoEvil","Halt","Ragnarok","CarveReality","RitualDagger","ForeignInfluence+1"],"relics":["HolyWater","Calipers","MealTicket","War Paint","Mercury Hourglass","Sling"],"potions_floor_usage":[6,16,23,23],"damage_taken":[{"damage":7,"enemies":"Small Slimes","floor":1,"turns":4},{"damage":0,"enemies":"Cultist","floor":3,"turns":3},{"damage":2,"enemies":"Jaw Worm","floor":4,"turns":4},{"damage":49,"enemies":"Gremlin Nob","floor":6,"turns":4},{"damage":9,"enemies":"Exordium Wildlife","floor":11,"turns":3},{"damage":6,"enemies":"Looter","floor":13,"turns":2},{"damage":0,"enemies":"Slime Boss","floor":16,"turns":4},{"damage":10,"enemies":"3 Byrds","floor":18,"turns":3},{"damage":0,"enemies":"Chosen","floor":20,"turns":2},{"damage":18,"enemies":"Snake Plant","floor":21,"turns":3},{"damage":49,"enemies":"Book of Stabbing","floor":23,"turns":3}],"seed_played":"5739877627997251129","potions_obtained":[{"floor":2,"key":"CultistPotion"},{"floor":2,"key":"Ancient Potion"},{"floor":6,"key":"DuplicationPotion"},{"floor":16,"key":"SkillPotion"}],"is_trial":false,"path_per_floor":["M","?","M","M","?","E","R","T","T","R","M","$","M","?","R","B",null,"M","?","M","M","$","E"],"character_chosen":"WATCHER","items_purchased":["FearNoEvil","Sling"],"campfire_rested":1,"item_purchase_floors":[12,22],"current_hp_per_floor":[54,54,54,52,52,3,23,23,23,23,14,29,23,23,23,23,57,47,41,41,23,38,0],"gold":89,"neow_bonus":"ONE_RARE_RELIC","is_prod":false,"is_daily":false,"chose_seed":false,"campfire_upgraded":2,"win_rate":0,"timestamp":1591164888,"path_taken":["M","?","M","?","?","E","R","?","T","R","M","?","M","?","R","BOSS","M","?","M","M","$","E"],"build_version":"2020-05-27","purchased_purges":1,"victory":false,"max_hp_per_floor":[68,68,68,68,68,68,68,68,68,68,68,68,68,68,68,68,68,68,68,68,68,68,68],"card_choices":[{"not_picked":["PathToVictory","Collect"],"picked":"ClearTheMind","floor":1},{"not_picked":["FollowUp","Worship"],"picked":"SashWhip","floor":3},{"not_picked":["FollowUp","WindmillStrike"],"picked":"CrushJoints","floor":4},{"not_picked":["ClearTheMind","Sanctity"],"picked":"Tantrum","floor":6},{"not_picked":["CrushJoints","Worship"],"picked":"CutThroughFate","floor":11},{"not_picked":["BattleHymn","SashWhip"],"picked":"Halt","floor":13},{"not_picked":["DevaForm","Alpha"],"picked":"Ragnarok","floor":16},{"not_picked":["InnerPeace","ThirdEye"],"picked":"CarveReality","floor":18},{"not_picked":["Conclude","CutThroughFate"],"picked":"ForeignInfluence+1","floor":20},{"not_picked":["SashWhip+1","SignatureMove+1","Evaluate"],"picked":"SKIP","floor":21}],"player_experience":2448372,"relics_obtained":[{"floor":6,"key":"MealTicket"},{"floor":8,"key":"War Paint"},{"floor":9,"key":"Mercury Hourglass"}],"event_choices":[{"damage_healed":0,"gold_gain":0,"player_choice":"Got Potions","damage_taken":0,"max_hp_gain":0,"max_hp_loss":0,"event_name":"Lab","floor":2,"gold_loss":0},{"damage_healed":0,"gold_gain":0,"player_choice":"Leave","damage_taken":0,"max_hp_gain":0,"max_hp_loss":0,"event_name":"The Cleric","floor":5,"gold_loss":0},{"damage_healed":0,"gold_gain":72,"player_choice":"Gained Gold","damage_taken":0,"max_hp_gain":0,"max_hp_loss":0,"event_name":"Golden Wing","floor":14,"gold_loss":0},{"damage_healed":0,"gold_gain":0,"player_choice":"Joined the Cult","damage_taken":6,"max_hp_gain":0,"max_hp_loss":0,"event_name":"Nest","floor":19,"gold_loss":0,"cards_obtained":["RitualDagger"]}],"is_beta":true,"boss_relics":[{"not_picked":["SacredBark","Busted Crown"],"picked":"HolyWater"}],"items_purged_floors":[12],"is_endless":false,"potions_floor_spawned":[6,16,20],"killed_by":"Book of Stabbing","ascension_level":20}