{"gold_per_floor":[114,114,131,143,143,172,172,202,202,218,230,264,264,298,298,372,372,388,407,438,126,126,157,157],"floor_reached":24,"playtime":1552,"items_purged":["Strike_P"],"score":638,"play_id":"a437c52f-601f-4e92-a056-f3e9e7a39d2b","local_time":"20200605002429","is_ascension_mode":true,"campfire_choices":[{"data":"CrushJoints","floor":7.0,"key":"SMITH"},{"floor":13.0,"key":"REST"},{"data":"Conclude","floor":15.0,"key":"SMITH"}],"neow_cost":"NONE","seed_source_timestamp":210858210064601,"circlet_count":0,"master_deck":["AscendersBane","Strike_P","Strike_P","Defend_P","Defend_P","Defend_P","Defend_P","Eruption","Vigilance","EmptyFist","Protect","CrushJoints+1","ThirdEye","Consecrate","CarveReality","Conclude+1","Halt","WheelKick","Sanctity"],"special_seed":0,"relics":["PureWater","Shuriken","Shovel","Orichalcum","Bag of Preparation","Dream Catcher","Ornamental Fan","Cursed Key","Red Mask","Regal Pillow","Gambling Chip"],"potions_floor_usage":[20,23,24],"damage_taken":[{"damage":1.0,"enemies":"Small Slimes","floor":1.0,"turns":4.0},{"damage":0.0,"enemies":"Cultist","floor":3.0,"turns":2.0},{"damage":1.0,"enemies":"2 Louse","floor":4.0,"turns":2.0},{"damage":42.0,"enemies":"3 Sentries","floor":6.0,"turns":9.0},{"damage":13.0,"enemies":"Lagavulin","floor":8.0,"turns":6.0},{"damage":7.0,"enemies":"Looter","floor":10.0,"turns":4.0},{"damage":0.0,"enemies":"Red Slaver","floor":11.0,"turns":2.0},{"damage":0.0,"enemies":"3 Sentries","floor":12.0,"turns":2.0},{"damage":6.0,"enemies":"Lagavulin","floor":14.0,"turns":5.0},{"damage":0,"enemies":"Slime Boss","floor":16,"turns":4},{"damage":13,"enemies":"2 Thieves","floor":18,"turns":3},{"damage":0,"enemies":"Chosen","floor":19,"turns":1},{"damage":20,"enemies":"Masked Bandits","floor":20,"turns":2},{"damage":19,"enemies":"Gremlin Leader","floor":23,"turns":5},{"damage":18,"enemies":"Shelled Parasite and Fungi","floor":24,"turns":2}],"seed_played":"4003424227189735651","potions_obtained":[{"floor":4.0,"key":"Dexterity Potion"},{"floor":6.0,"key":"Strength Potion"},{"floor":10.0,"key":"Explosive Potion"},{"floor":11.0,"key":"Energy Potion"},{"floor":18,"key":"ColorlessPotion"},{"floor":20,"key":"LiquidMemories"}],"is_trial":false,"path_per_floor":["M","?","M","M","T","E","R","E","T","M","M","E","R","E","R","B",null,"M","M","?","$","?","E","M"],"character_chosen":"WATCHER","items_purchased":["Regal Pillow","DuplicationPotion"],"campfire_rested":1,"item_purchase_floors":[21,21],"current_hp_per_floor":[66,66,66,65,65,23,23,10,10,3,3,3,25,19,19,19,60,47,47,27,27,27,8,0],"gold":157,"neow_bonus":"TEN_PERCENT_HP_BONUS","is_prod":false,"is_daily":false,"chose_seed":false,"campfire_upgraded":2,"win_rate":0,"timestamp":1591341869,"path_taken":["M","?","M","?","?","E","R","E","T","M","M","E","R","E","R","BOSS","M","M","?","$","?","E","M"],"build_version":"2020-05-27","purchased_purges":1,"victory":false,"max_hp_per_floor":[74,74,74,74,74,74,74,74,74,74,74,74,74,74,74,74,74,74,74,74,74,74,74,74],"card_choices":[{"not_picked":["ClearTheMind","Crescendo"],"picked":"EmptyFist","floor":1.0},{"not_picked":["DeceiveReality","Protect"],"picked":"CrushJoints","floor":3.0},{"not_picked":["SashWhip","MentalFortress","ForeignInfluence"],"picked":"SKIP","floor":4.0},{"not_picked":["Omniscience","Sanctity"],"picked":"ThirdEye","floor":6.0},{"not_picked":["FollowUp","PathToVictory"],"picked":"Consecrate","floor":8.0},{"not_picked":["JustLucky","Crescendo"],"picked":"CarveReality","floor":10.0},{"not_picked":["FollowUp","MentalFortress"],"picked":"Conclude","floor":11.0},{"not_picked":["PathToVictory","WindmillStrike"],"picked":"Halt","floor":12.0},{"not_picked":["Crescendo","Prostrate"],"picked":"WheelKick","floor":13.0},{"not_picked":["Alpha","FlyingSleeves","SashWhip"],"picked":"SKIP","floor":14.0},{"not_picked":["FlyingSleeves+1","Evaluate","SashWhip"],"picked":"SKIP","floor":18},{"not_picked":["CrushJoints","PathToVictory"],"picked":"Sanctity","floor":19},{"not_picked":["CutThroughFate","ThirdEye","Swivel"],"picked":"SKIP","floor":23}],"player_experience":2454762,"relics_obtained":[{"floor":5.0,"key":"Shuriken"},{"floor":6.0,"key":"Shovel"},{"floor":8.0,"key":"Orichalcum"},{"floor":9.0,"key":"Bag of Preparation"},{"floor":12.0,"key":"Dream Catcher"},{"floor":14.0,"key":"Ornamental Fan"},{"floor":20,"key":"Red Mask"},{"floor":23,"key":"Gambling Chip"}],"event_choices":[{"damage_healed":0.0,"max_hp_gain":0.0,"max_hp_loss":0.0,"gold_gain":0.0,"event_name":"Match and Keep!","player_choice":"1 cards matched","floor":2.0,"gold_loss":0.0,"damage_taken":0.0,"cards_obtained":["Protect"]},{"damage_healed":0,"gold_gain":0,"player_choice":"Fought Bandits","damage_taken":0,"max_hp_gain":0,"max_hp_loss":0,"event_name":"Masked Bandits","floor":20,"gold_loss":0},{"cards_removed":["Strike_P"],"damage_healed":0,"gold_gain":0,"player_choice":"Purged","damage_taken":0,"max_hp_gain":0,"max_hp_loss":0,"event_name":"Purifier","floor":22,"gold_loss":0}],"is_beta":true,"boss_relics":[{"not_picked":["Calling Bell","SacredBark"],"picked":"Cursed Key"}],"items_purged_floors":[21],"is_endless":false,"potions_floor_spawned":[4,6,10,11,18,20],"killed_by":"Shelled Parasite and Fungi","ascension_level":20}