{"gold_per_floor":[119,132,132,58,68,96,46,46,46,46,65,65,82,82,82,158,158,177,194,194,244,244,244,244],"floor_reached":24,"playtime":1300,"items_purged":["Pain","Strike_P"],"score":488,"play_id":"52c10e35-4117-4b53-af3f-30596a945b48","local_time":"20200611221839","is_ascension_mode":true,"campfire_choices":[{"data":"CrushJoints","floor":8,"key":"SMITH"},{"data":"SashWhip","floor":12,"key":"SMITH"},{"data":"BowlingBash","floor":15,"key":"SMITH"},{"floor":23,"key":"REST"}],"neow_cost":"NONE","seed_source_timestamp":459244021343133,"circlet_count":0,"master_deck":["AscendersBane","Strike_P+1","Defend_P","Defend_P","Defend_P","Defend_P","Eruption","Vigilance","FollowUp","SashWhip+1","CrushJoints+1","MentalFortress","Wireheading","ThirdEye","BowlingBash+1","LessonLearned","EmptyFist","ReachHeaven","Alpha"],"relics":["PureWater","Smiling Mask","WarpedTongs","Pen Nib","InkBottle","Dead Branch","VioletLotus","Enchiridion"],"potions_floor_usage":[6,6,16],"damage_taken":[{"damage":5,"enemies":"Small Slimes","floor":1,"turns":4},{"damage":1,"enemies":"Cultist","floor":2,"turns":4},{"damage":3,"enemies":"2 Louse","floor":5,"turns":2},{"damage":13,"enemies":"Lagavulin","floor":6,"turns":4},{"damage":4,"enemies":"2 Fungi Beasts","floor":11,"turns":3},{"damage":9,"enemies":"Large Slime","floor":13,"turns":3},{"damage":0,"enemies":"Slime Boss","floor":16,"turns":3},{"damage":15,"enemies":"3 Byrds","floor":18,"turns":7},{"damage":7,"enemies":"Chosen","floor":19,"turns":5},{"damage":38,"enemies":"Slavers","floor":24,"turns":2}],"seed_played":"3330880837660056025","potions_obtained":[{"floor":2,"key":"Block Potion"},{"floor":5,"key":"SteroidPotion"},{"floor":11,"key":"Swift Potion"}],"is_trial":false,"path_per_floor":["M","M","?","$","M","E","$","R","T","$","M","R","M","?","R","B",null,"M","M","?","?","?","R","E"],"character_chosen":"WATCHER","items_purchased":["CrushJoints"],"campfire_rested":1,"item_purchase_floors":[4],"current_hp_per_floor":[56,55,55,55,52,39,39,39,39,39,35,35,26,8,8,8,53,38,31,10,10,10,30,0],"gold":244,"neow_bonus":"RANDOM_COMMON_RELIC","is_prod":false,"is_daily":false,"chose_seed":false,"campfire_upgraded":3,"win_rate":0,"timestamp":1591939119,"path_taken":["M","M","?","$","?","E","$","R","T","?","M","R","M","?","R","BOSS","M","M","?","?","?","R","E"],"build_version":"2020-05-27","purchased_purges":2,"victory":false,"max_hp_per_floor":[68,68,68,68,68,68,68,68,68,68,68,68,68,68,68,68,68,68,68,68,68,68,68,68],"card_choices":[{"not_picked":["EmptyBody","FlurryOfBlows"],"picked":"FollowUp","floor":1},{"not_picked":["Swivel","Consecrate"],"picked":"SashWhip","floor":2},{"not_picked":["Sanctity","ClearTheMind"],"picked":"MentalFortress","floor":5},{"not_picked":["Collect","Ragnarok"],"picked":"Wireheading","floor":6},{"not_picked":["Evaluate","FlurryOfBlows"],"picked":"ThirdEye","floor":11},{"not_picked":["Wireheading","Consecrate"],"picked":"BowlingBash","floor":13},{"not_picked":["Judgement","Brilliance"],"picked":"LessonLearned","floor":16},{"not_picked":["Indignation+1","Evaluate"],"picked":"EmptyFist","floor":18},{"not_picked":["EmptyBody","CrushJoints","Nirvana+1"],"picked":"SKIP","floor":19}],"player_experience":2493088,"relics_obtained":[{"floor":6,"key":"Pen Nib"},{"floor":9,"key":"InkBottle"},{"floor":20,"key":"Enchiridion"}],"event_choices":[{"damage_healed":0,"gold_gain":0,"player_choice":"Rummage","damage_taken":0,"relics_obtained":["WarpedTongs"],"max_hp_gain":0,"max_hp_loss":0,"event_name":"Accursed Blacksmith","floor":3,"gold_loss":0,"cards_obtained":["Pain"]},{"damage_healed":0,"gold_gain":0,"player_choice":"Success","damage_taken":18,"relics_obtained":["Dead Branch"],"max_hp_gain":0,"max_hp_loss":0,"event_name":"Scrap Ooze","floor":14,"gold_loss":0},{"damage_healed":0,"gold_gain":0,"player_choice":"Obtained Book","damage_taken":21,"max_hp_gain":0,"max_hp_loss":0,"event_name":"Cursed Tome","floor":20,"gold_loss":0},{"damage_healed":0,"gold_gain":50,"player_choice":"Stole From Cult","damage_taken":0,"max_hp_gain":0,"max_hp_loss":0,"event_name":"Nest","floor":21,"gold_loss":0},{"damage_healed":0,"gold_gain":0,"cards_transformed":["Strike_P","Strike_P"],"player_choice":"Became Test Subject","damage_taken":0,"max_hp_gain":0,"max_hp_loss":0,"event_name":"Drug Dealer","floor":22,"gold_loss":0,"cards_obtained":["ReachHeaven","Alpha"]}],"is_beta":true,"boss_relics":[{"not_picked":["Empty Cage","Tiny House"],"picked":"VioletLotus"}],"items_purged_floors":[4,7],"is_endless":false,"potions_floor_spawned":[2,5,11],"killed_by":"Slavers","ascension_level":20}