{"gold_per_floor":[114,264,25,42,42,42,57,57,136,163,163,180,180,196,196,196],"floor_reached":16,"playtime":1594,"items_purged":["Doubt"],"score":200,"play_id":"2b636982-36b2-4bc3-82ac-9780b23a32dc","local_time":"20200607132926","is_ascension_mode":true,"campfire_choices":[{"data":"CarveReality","floor":6,"key":"SMITH"},{"data":"Eruption","floor":11,"key":"SMITH"},{"data":"Vigilance","floor":15,"key":"SMITH"}],"neow_cost":"NONE","seed_source_timestamp":283774820757049,"circlet_count":0,"master_deck":["AscendersBane","Strike_P+1","Strike_P","Strike_P","Strike_P+1","Defend_P","Defend_P","Defend_P","Defend_P","Eruption+1","Vigilance+1","CarveReality+1","Weave","Vengeance","CutThroughFate+1","ThirdEye"],"relics":["PureWater","Potion Belt","OrangePellets","Meat on the Bone","HornCleat","Calipers"],"potions_floor_usage":[10,10,12,16,16],"damage_taken":[{"damage":1,"enemies":"Small Slimes","floor":1,"turns":3},{"damage":0,"enemies":"Cultist","floor":4,"turns":3},{"damage":11,"enemies":"Jaw Worm","floor":7,"turns":4},{"damage":10,"enemies":"Lagavulin","floor":10,"turns":5},{"damage":5,"enemies":"Exordium Thugs","floor":12,"turns":3},{"damage":8,"enemies":"Exordium Wildlife","floor":14,"turns":4},{"damage":38,"enemies":"Hexaghost","floor":16,"turns":9}],"seed_played":"-1844732457691069504","potions_obtained":[{"floor":1,"key":"Regen Potion"},{"floor":10,"key":"EntropicBrew"},{"floor":12,"key":"Dexterity Potion"}],"is_trial":false,"path_per_floor":["M","?","$","M","?","R","M","?","T","E","R","M","?","M","R","B"],"character_chosen":"WATCHER","items_purchased":["OrangePellets"],"campfire_rested":0,"item_purchase_floors":[3],"current_hp_per_floor":[60,60,60,60,42,42,43,23,23,39,39,46,46,38,38,0],"gold":196,"neow_bonus":"RANDOM_COMMON_RELIC","is_prod":false,"is_daily":false,"chose_seed":false,"campfire_upgraded":3,"win_rate":0,"timestamp":1591561766,"path_taken":["M","?","$","M","?","R","M","?","T","E","R","M","?","M","R","BOSS"],"build_version":"2020-05-27","purchased_purges":1,"victory":false,"max_hp_per_floor":[68,68,68,68,68,68,68,68,68,68,68,68,68,68,68,68],"card_choices":[{"not_picked":["EmptyMind","ForeignInfluence","EmptyBody"],"picked":"SKIP","floor":1},{"not_picked":["Collect","CutThroughFate"],"picked":"CarveReality","floor":4},{"not_picked":["Consecrate","WaveOfTheHand"],"picked":"Weave","floor":7},{"not_picked":["Sanctity","ClearTheMind"],"picked":"Vengeance","floor":10},{"not_picked":["EmptyFist","ClearTheMind"],"picked":"CutThroughFate","floor":12},{"not_picked":["Halt","SignatureMove"],"picked":"ThirdEye","floor":14}],"player_experience":2477137,"relics_obtained":[{"floor":9,"key":"HornCleat"},{"floor":10,"key":"Calipers"}],"event_choices":[{"damage_healed":0,"gold_gain":150,"player_choice":"AGREE","damage_taken":0,"max_hp_gain":0,"max_hp_loss":0,"event_name":"Liars Game","floor":2,"gold_loss":0,"cards_obtained":["Doubt"]},{"damage_healed":0,"gold_gain":0,"player_choice":"Success","damage_taken":18,"relics_obtained":["Meat on the Bone"],"max_hp_gain":0,"max_hp_loss":0,"event_name":"Scrap Ooze","floor":5,"gold_loss":0},{"damage_healed":0,"gold_gain":0,"player_choice":"Entered Light","damage_taken":20,"max_hp_gain":0,"max_hp_loss":0,"event_name":"Shining Light","floor":8,"gold_loss":0,"cards_upgraded":["Strike_P","Strike_P"]},{"damage_healed":0,"gold_gain":0,"player_choice":"Upgraded","damage_taken":0,"max_hp_gain":0,"max_hp_loss":0,"event_name":"Upgrade Shrine","floor":13,"gold_loss":0,"cards_upgraded":["CutThroughFate"]}],"is_beta":true,"boss_relics":[],"items_purged_floors":[3],"is_endless":false,"potions_floor_spawned":[1,10,12],"killed_by":"Hexaghost","ascension_level":20}