{"gold_per_floor":[113,59,134,134,152,183,183,214,239,265,278,278,304,315,315,388,388,388,388,388,388,163,163,163],"floor_reached":24,"playtime":1889,"items_purged":["Strike_P"],"score":428,"play_id":"88c8a162-c800-4e75-a189-0e7e7c81ef83","local_time":"20200602223533","is_ascension_mode":true,"campfire_choices":[{"floor":7,"key":"REST"},{"data":"SashWhip","floor":12,"key":"SMITH"},{"data":"EmptyFist","floor":15,"key":"SMITH"},{"floor":23,"key":"REST"}],"neow_cost":"NONE","seed_source_timestamp":108989713855920,"circlet_count":0,"master_deck":["AscendersBane","Strike_P+1","Strike_P","Strike_P","Defend_P","Defend_P","Defend_P+1","Defend_P","Eruption","Vigilance","SashWhip+1","EmptyFist+1","CutThroughFate+1","Establishment+1","Halt","LikeWater+1","Protect","Crescendo","LessonLearned","Consecrate","ClearTheMind","BattleHymn","Tantrum","MentalFortress"],"relics":["PureWater","Vajra","Orichalcum","Bag of Preparation","Oddly Smooth Stone","Whetstone","Happy Flower","Odd Mushroom","Ectoplasm"],"potions_floor_usage":[16,24,24],"damage_taken":[{"damage":0,"enemies":"Jaw Worm","floor":1,"turns":3},{"damage":2,"enemies":"Small Slimes","floor":5,"turns":4},{"damage":17,"enemies":"Lagavulin","floor":6,"turns":7},{"damage":6,"enemies":"Gremlin Nob","floor":8,"turns":3},{"damage":1,"enemies":"3 Sentries","floor":10,"turns":4},{"damage":0,"enemies":"Cultist","floor":11,"turns":2},{"damage":3,"enemies":"The Mushroom Lair","floor":13,"turns":5},{"damage":0,"enemies":"Blue Slaver","floor":14,"turns":3},{"damage":25,"enemies":"Hexaghost","floor":16,"turns":11},{"damage":1,"enemies":"Spheric Guardian","floor":18,"turns":4},{"damage":3,"enemies":"Shell Parasite","floor":19,"turns":5},{"damage":22,"enemies":"Snake Plant","floor":21,"turns":6},{"damage":57,"enemies":"Chosen and Byrds","floor":24,"turns":7}],"seed_played":"-7302651400647994181","potions_obtained":[{"floor":5,"key":"BottledMiracle"},{"floor":6,"key":"Swift Potion"},{"floor":10,"key":"DuplicationPotion"},{"floor":16,"key":"Energy Potion"},{"floor":21,"key":"Strength Potion"}],"is_trial":false,"path_per_floor":["M","$","?","?","M","E","R","E","T","E","M","R","?","M","R","B",null,"M","M","?","M","$","R","M"],"character_chosen":"WATCHER","items_purchased":["Block Potion","Tantrum","MentalFortress"],"campfire_rested":2,"item_purchase_floors":[2,22,22],"current_hp_per_floor":[61,61,50,50,48,31,51,45,45,44,44,44,41,41,41,16,55,54,51,51,29,29,49,0],"gold":163,"neow_bonus":"RANDOM_COMMON_RELIC","is_prod":false,"is_daily":false,"chose_seed":false,"campfire_upgraded":2,"win_rate":0,"timestamp":1591162533,"path_taken":["M","$","?","?","M","E","R","E","T","E","?","R","?","M","R","BOSS","M","M","?","M","$","R","M"],"build_version":"2020-05-27","purchased_purges":1,"victory":false,"max_hp_per_floor":[68,68,68,68,68,68,68,68,68,68,68,68,68,68,68,68,68,68,68,68,68,68,68,68],"card_choices":[{"not_picked":["FollowUp","JustLucky"],"picked":"SashWhip","floor":1},{"not_picked":["FlurryOfBlows","Protect"],"picked":"EmptyFist","floor":5},{"not_picked":["Halt","MasterReality"],"picked":"CutThroughFate","floor":6},{"not_picked":["FollowUp","MentalFortress"],"picked":"Establishment","floor":8},{"not_picked":["CutThroughFate","EmptyMind"],"picked":"Halt","floor":10},{"not_picked":["Perseverance","EmptyFist"],"picked":"LikeWater","floor":11},{"not_picked":["PathToVictory","Collect"],"picked":"Protect","floor":13},{"not_picked":["Nirvana","InnerPeace"],"picked":"Crescendo","floor":14},{"not_picked":["Brilliance","Blasphemy"],"picked":"LessonLearned","floor":16},{"not_picked":["EmptyFist","WreathOfFlame"],"picked":"Consecrate","floor":18},{"not_picked":["ThirdEye","Prostrate"],"picked":"ClearTheMind","floor":19},{"not_picked":["ThirdEye","CarveReality"],"picked":"BattleHymn","floor":21}],"player_experience":2446483,"relics_obtained":[{"floor":6,"key":"Bag of Preparation"},{"floor":8,"key":"Oddly Smooth Stone"},{"floor":9,"key":"Whetstone"},{"floor":10,"key":"Happy Flower"},{"floor":13,"key":"Odd Mushroom"}],"event_choices":[{"damage_healed":0,"gold_gain":75,"player_choice":"Gather Gold","damage_taken":11,"max_hp_gain":0,"max_hp_loss":0,"event_name":"World of Goop","floor":3,"gold_loss":0},{"damage_healed":0,"gold_gain":0,"player_choice":"Gave Potion","damage_taken":0,"relics_obtained":["Orichalcum"],"max_hp_gain":0,"max_hp_loss":0,"event_name":"WeMeetAgain","floor":4,"gold_loss":0},{"damage_healed":0,"gold_gain":0,"player_choice":"Fought Mushrooms","damage_taken":0,"max_hp_gain":0,"max_hp_loss":0,"event_name":"Mushrooms","floor":13,"gold_loss":0},{"damage_healed":0,"gold_gain":0,"player_choice":"Ignored","damage_taken":0,"max_hp_gain":0,"max_hp_loss":0,"event_name":"The Mausoleum","floor":20,"gold_loss":0}],"is_beta":true,"boss_relics":[{"not_picked":["Calling Bell","Astrolabe"],"picked":"Ectoplasm"}],"items_purged_floors":[22],"is_endless":false,"potions_floor_spawned":[5,6,10,16,21],"killed_by":"Chosen and Byrds","ascension_level":20}