{"gold_per_floor":[110,110,120,46,60,60,80,107,107,133,146,146,176,189,189,265,265,280,300,300,317,36,36,68,68,68,99,99,99,129,145,145,221,221,235,245,260,260,260,285,285,285,285,305,305,334,346,376,376,376,376,376,376,2,34,34],"floor_reached":56,"playtime":7796,"items_purged":[],"score":2280,"play_id":"9c2dfe8b-4204-498a-a7c7-228a70c5187b","local_time":"20200607084019","is_ascension_mode":true,"campfire_choices":[{"data":"EmptyFist","floor":6.0,"key":"SMITH"},{"data":"1","floor":12.0,"key":"LIFT"},{"data":"2","floor":15.0,"key":"LIFT"},{"floor":23.0,"key":"REST"},{"data":"3","floor":29.0,"key":"LIFT"},{"floor":32.0,"key":"RECALL"},{"floor":41.0,"key":"REST"},{"floor":45.0,"key":"REST"},{"floor":49.0,"key":"REST"},{"floor":53,"key":"REST"}],"neow_cost":"TEN_PERCENT_HP_LOSS","seed_source_timestamp":0,"circlet_count":0,"master_deck":["AscendersBane","Strike_P+1","Strike_P+1","Defend_P+1","Defend_P+1","Defend_P+1","Eruption+1","Vigilance+1","EmptyFist+1","CarveReality+1","ThirdEye+1","LessonLearned+1","FlyingSleeves+1","Scrawl+1","SashWhip+1","SpiritShield+1","Consecrate+1","Halt+1","CrushJoints+1","Ghostly+1","Ghostly+1","Ghostly+1","Evaluate+1","Scrawl+1","Halt+1","WaveOfTheHand+1","Halt+1","ConjureBlade+1"],"special_seed":0,"relics":["PureWater","Smiling Mask","Molten Egg 2","Girya","Singing Bowl","Runic Pyramid","Toxic Egg 2","Bag of Marbles","The Courier","Anchor","SlaversCollar","Pantograph","GoldenEye","Blue Candle","Gambling Chip","Whetstone","Strange Spoon","Torii","Calipers"],"potions_floor_usage":[56,56],"damage_taken":[{"damage":2.0,"enemies":"Cultist","floor":1.0,"turns":4.0},{"damage":0.0,"enemies":"2 Louse","floor":3.0,"turns":3.0},{"damage":0.0,"enemies":"Jaw Worm","floor":5.0,"turns":2.0},{"damage":6.0,"enemies":"Exordium Thugs","floor":7.0,"turns":4.0},{"damage":8.0,"enemies":"Lagavulin","floor":8.0,"turns":4.0},{"damage":15.0,"enemies":"3 Sentries","floor":10.0,"turns":10.0},{"damage":0.0,"enemies":"2 Fungi Beasts","floor":11.0,"turns":2.0},{"damage":15.0,"enemies":"Lagavulin","floor":13.0,"turns":5.0},{"damage":0.0,"enemies":"Looter","floor":14.0,"turns":1.0},{"damage":4.0,"enemies":"The Guardian","floor":16.0,"turns":9.0},{"damage":7.0,"enemies":"2 Thieves","floor":18.0,"turns":3.0},{"damage":0.0,"enemies":"3 Byrds","floor":19.0,"turns":6.0},{"damage":0.0,"enemies":"Cultist and Chosen","floor":21.0,"turns":4.0},{"damage":0.0,"enemies":"Slavers","floor":24.0,"turns":2.0},{"damage":1.0,"enemies":"Gremlin Leader","floor":27.0,"turns":3.0},{"damage":1.0,"enemies":"Book of Stabbing","floor":30.0,"turns":5.0},{"damage":0.0,"enemies":"Snake Plant","floor":31.0,"turns":1.0},{"damage":0.0,"enemies":"Automaton","floor":33.0,"turns":12.0},{"damage":1.0,"enemies":"3 Darklings","floor":35.0,"turns":7.0},{"damage":0.0,"enemies":"3 Shapes","floor":36.0,"turns":3.0},{"damage":0.0,"enemies":"Transient","floor":37.0,"turns":6.0},{"damage":0.0,"enemies":"Reptomancer","floor":40.0,"turns":3.0},{"damage":0.0,"enemies":"Jaw Worm Horde","floor":44.0,"turns":1.0},{"damage":0.0,"enemies":"Nemesis","floor":46.0,"turns":3.0},{"damage":0.0,"enemies":"Maw","floor":47.0,"turns":7.0},{"damage":1.0,"enemies":"Giant Head","floor":48.0,"turns":6.0},{"damage":6.0,"enemies":"Donu and Deca","floor":50.0,"turns":8.0},{"damage":22,"enemies":"Time Eater","floor":51,"turns":12},{"damage":8,"enemies":"Shield and Spear","floor":55,"turns":12},{"damage":53,"enemies":"The Heart","floor":56,"turns":12}],"seed_played":"1668905369596276786","potions_obtained":[{"floor":1.0,"key":"DuplicationPotion"},{"floor":3.0,"key":"StancePotion"},{"floor":8.0,"key":"Fruit Juice"},{"floor":14.0,"key":"DuplicationPotion"},{"floor":18.0,"key":"Explosive Potion"},{"floor":30.0,"key":"Swift Potion"},{"floor":31.0,"key":"BottledMiracle"},{"floor":33.0,"key":"AttackPotion"},{"floor":40.0,"key":"DistilledChaos"},{"floor":47.0,"key":"Ancient Potion"}],"is_trial":false,"path_per_floor":["M","?","M","$","M","R","M","E","T","E","M","R","E","M","R","B",null,"M","M","?","M","$","R","E","?","T","E","?","R","E","M","R","B",null,"M","M","M","$","?","E","R","T","T","M","R","E","M","E","R","B","B",null,"R","$","E","B"],"character_chosen":"WATCHER","items_purchased":["CarveReality","Toxic Egg 2","Strange Spoon","Torii"],"campfire_rested":5,"item_purchase_floors":[4,22,54,54],"current_hp_per_floor":[59,59,59,59,59,59,53,45,45,35,35,35,20,22,22,18,56,49,49,30,32,32,54,54,38,38,39,39,39,40,40,40,40,42,41,41,43,43,42,44,44,44,44,46,46,48,48,49,50,44,28,45,50,50,42,0],"gold":34,"neow_bonus":"REMOVE_TWO","is_prod":false,"is_daily":false,"chose_seed":false,"campfire_upgraded":1,"win_rate":0,"timestamp":1591544419,"path_taken":["M","?","M","$","M","R","M","E","T","E","?","R","E","M","R","BOSS","M","?","?","M","$","R","E","?","T","E","?","R","E","M","R","BOSS","M","M","M","$","?","E","R","?","T","M","R","E","M","E","R","BOSS","BOSS","R","$","E","BOSS"],"build_version":"2020-05-27","purchased_purges":0,"victory":false,"max_hp_per_floor":[62,62,62,62,62,62,62,62,62,67,67,67,67,69,69,69,69,69,69,74,76,76,76,76,38,38,40,40,40,42,42,42,42,42,42,42,44,44,42,44,44,44,44,46,46,48,48,50,50,50,50,50,50,50,50,50],"card_choices":[{"not_picked":["InnerPeace","Prostrate","Evaluate"],"picked":"SKIP","floor":1.0},{"not_picked":["Halt","Pray"],"picked":"EmptyFist","floor":3.0},{"not_picked":["Halt","Consecrate"],"picked":"ThirdEye","floor":5.0},{"not_picked":["Pray","FlurryOfBlows","EmptyFist"],"picked":"SKIP","floor":7.0},{"not_picked":["TalkToTheHand","CarveReality"],"picked":"LessonLearned","floor":8.0},{"not_picked":["ThirdEye","Evaluate"],"picked":"FlyingSleeves+1","floor":10.0},{"not_picked":["Halt","JustLucky+1"],"picked":"Scrawl","floor":11.0},{"not_picked":["PathToVictory","InnerPeace"],"picked":"SashWhip+1","floor":13.0},{"not_picked":["EmptyFist+1","SashWhip+1","Crescendo"],"picked":"Singing Bowl","floor":14.0},{"not_picked":["Vault","Scrawl"],"picked":"SpiritShield","floor":16.0},{"not_picked":["FollowUp+1","SignatureMove+1"],"picked":"Consecrate+1","floor":18.0},{"not_picked":["PathToVictory","BowlingBash+1"],"picked":"Halt","floor":19.0},{"not_picked":["EmptyMind","SashWhip+1","Crescendo"],"picked":"Singing Bowl","floor":21.0},{"not_picked":["Crescendo+1","PathToVictory+1"],"picked":"CrushJoints+1","floor":24.0},{"not_picked":["FlurryOfBlows+1","Alpha+1","Sanctity+1"],"picked":"Singing Bowl","floor":27.0},{"not_picked":["Consecrate+1","MasterReality","SashWhip+1"],"picked":"Singing Bowl","floor":30.0},{"not_picked":["EmptyFist+1","Collect+1"],"picked":"Evaluate+1","floor":31.0},{"not_picked":["Brilliance+1","LessonLearned+1"],"picked":"Scrawl+1","floor":33.0},{"not_picked":["SashWhip+1","Adaptation"],"picked":"Halt+1","floor":35.0},{"not_picked":["SandsOfTime+1","Evaluate+1"],"picked":"WaveOfTheHand+1","floor":36.0},{"not_picked":["ClearTheMind+1","Crescendo+1","Prostrate+1"],"picked":"Singing Bowl","floor":37.0},{"not_picked":["Protect+1","Wireheading","FollowUp+1"],"picked":"Singing Bowl","floor":40.0},{"not_picked":["EmptyFist+1","SignatureMove+1","EmptyMind+1"],"picked":"Singing Bowl","floor":44.0},{"not_picked":["Perseverance+1","Protect+1","Fasting2"],"picked":"Singing Bowl","floor":46.0},{"not_picked":["Protect+1","EmptyFist+1"],"picked":"Halt+1","floor":47.0},{"not_picked":["EmptyFist+1","FlyingSleeves+1","BattleHymn"],"picked":"Singing Bowl","floor":48.0},{"not_picked":["EmptyFist+1","Brilliance+1"],"picked":"ConjureBlade+1","floor":55}],"player_experience":2466254,"relics_obtained":[{"floor":8.0,"key":"Smiling Mask"},{"floor":9.0,"key":"Molten Egg 2"},{"floor":10.0,"key":"Girya"},{"floor":13.0,"key":"Singing Bowl"},{"floor":24.0,"key":"Bag of Marbles"},{"floor":27.0,"key":"The Courier"},{"floor":30.0,"key":"Anchor"},{"floor":40.0,"key":"Pantograph"},{"floor":42.0,"key":"GoldenEye"},{"floor":43.0,"key":"Blue Candle"},{"floor":46.0,"key":"Gambling Chip"},{"floor":48.0,"key":"Whetstone"},{"floor":55,"key":"Calipers"}],"event_choices":[{"damage_healed":0.0,"max_hp_gain":0.0,"max_hp_loss":0.0,"gold_gain":0.0,"event_name":"Upgrade Shrine","player_choice":"Upgraded","floor":2.0,"gold_loss":0.0,"damage_taken":0.0,"cards_upgraded":["Eruption"]},{"damage_healed":0.0,"max_hp_gain":5.0,"max_hp_loss":0.0,"gold_gain":0.0,"event_name":"Forgotten Altar","player_choice":"Shed Blood","floor":20.0,"gold_loss":0.0,"damage_taken":24.0},{"damage_healed":0.0,"max_hp_gain":0.0,"max_hp_loss":38.0,"gold_gain":0.0,"event_name":"Ghosts","player_choice":"Became a Ghost","floor":25.0,"gold_loss":0.0,"damage_taken":0.0,"cards_obtained":["Ghostly","Ghostly","Ghostly"]},{"cards_removed":["Strike_P"],"damage_healed":0.0,"max_hp_gain":0.0,"max_hp_loss":0.0,"gold_gain":0.0,"event_name":"Back to Basics","player_choice":"Elegance","floor":28.0,"gold_loss":0.0,"damage_taken":0.0},{"damage_healed":0.0,"max_hp_gain":0.0,"max_hp_loss":2.0,"gold_gain":0.0,"event_name":"Winding Halls","player_choice":"Max HP","floor":39.0,"gold_loss":0.0,"damage_taken":0.0}],"is_beta":true,"boss_relics":[{"not_picked":["Pandora\u0027s Box","SacredBark"],"picked":"Runic Pyramid"},{"not_picked":["Empty Cage","HolyWater"],"picked":"SlaversCollar"}],"items_purged_floors":[],"is_endless":false,"potions_floor_spawned":[1,3,8,14,18,30,31,33,40,46,47],"killed_by":"The Heart","ascension_level":20}