{"gold_per_floor":[117,137,153,153,172,172,0,27,27,46,46,65,65,100,100,173,173,188,188,199,215,225,250,275,275,299,317,40,40,74,74,74,148,148,159,179,198,14,14,14,47,66,66,94,108,108,125,125,125,125,125],"floor_reached":51,"playtime":14993,"items_purged":["Strike_P","Strike_P"],"score":1468,"play_id":"48c2ef17-0b17-46e6-b35e-44d7b3709e7c","local_time":"20201108161254","is_ascension_mode":true,"campfire_choices":[{"data":"Judgement","floor":6,"key":"SMITH"},{"data":"CrushJoints","floor":11,"key":"SMITH"},{"data":"Consecrate","floor":13,"key":"SMITH"},{"data":"Meditate","floor":15,"key":"SMITH"},{"data":"Establishment","floor":25,"key":"SMITH"},{"data":"Protect","floor":29,"key":"SMITH"},{"data":"Wireheading","floor":32,"key":"SMITH"},{"floor":40,"key":"RECALL"},{"floor":49,"key":"REST"}],"neow_cost":"TEN_PERCENT_HP_LOSS","seed_source_timestamp":2115756611451900,"circlet_count":0,"master_deck":["AscendersBane","Strike_P","Defend_P","Defend_P","Defend_P","Defend_P","Eruption","Vigilance","Consecrate+1","CrushJoints+1","Wireheading+1","Judgement+1","Meditate+1","FlurryOfBlows+1","WheelKick+1","ThirdEye","Establishment+1","Protect","MentalFortress+1","Prostrate","Protect+1","DeceiveReality","TalkToTheHand+1","Ragnarok+1","CutThroughFate+1","Protect+1","DeceiveReality","Panache","Tantrum+1","WheelKick+1","Wallop+1","Sanctity","Study"],"relics":["PureWater","Mango","Eternal Feather","OrangePellets","Molten Egg 2","Bottled Tornado","Damaru","Philosopher\u0027s Stone","Mummified Hand","Anchor","HornCleat","Black Star","Bird Faced Urn","InkBottle","Shovel","Gremlin Horn","Bottled Lightning"],"potions_floor_usage":[8,16,20,30,33,44,44,50,50],"damage_taken":[{"damage":10,"enemies":"Cultist","floor":1,"turns":6},{"damage":2,"enemies":"Jaw Worm","floor":2,"turns":5},{"damage":2,"enemies":"Small Slimes","floor":3,"turns":3},{"damage":11,"enemies":"3 Louse","floor":5,"turns":2},{"damage":22,"enemies":"Lagavulin","floor":8,"turns":4},{"damage":1,"enemies":"2 Fungi Beasts","floor":10,"turns":2},{"damage":0,"enemies":"Blue Slaver","floor":12,"turns":1},{"damage":16,"enemies":"Gremlin Nob","floor":14,"turns":3},{"damage":31,"enemies":"The Guardian","floor":16,"turns":10},{"damage":0,"enemies":"Spheric Guardian","floor":18,"turns":3},{"damage":0,"enemies":"2 Thieves","floor":20,"turns":2},{"damage":0,"enemies":"Snecko","floor":21,"turns":2},{"damage":1,"enemies":"Centurion and Healer","floor":22,"turns":3},{"damage":0,"enemies":"Gremlin Leader","floor":23,"turns":3},{"damage":0,"enemies":"Snake Plant","floor":27,"turns":3},{"damage":6,"enemies":"Book of Stabbing","floor":30,"turns":4},{"damage":11,"enemies":"Collector","floor":33,"turns":7},{"damage":0,"enemies":"Orb Walker","floor":35,"turns":3},{"damage":18,"enemies":"3 Shapes","floor":36,"turns":6},{"damage":1,"enemies":"Spire Growth","floor":37,"turns":4},{"damage":5,"enemies":"Nemesis","floor":41,"turns":11},{"damage":5,"enemies":"Maw","floor":42,"turns":6},{"damage":40,"enemies":"Reptomancer","floor":44,"turns":6},{"damage":5,"enemies":"Jaw Worm Horde","floor":45,"turns":3},{"damage":0,"enemies":"Sphere and 2 Shapes","floor":47,"turns":3},{"damage":47,"enemies":"Awakened One","floor":50,"turns":11},{"damage":51,"enemies":"Time Eater","floor":51,"turns":10}],"seed_played":"-2186497376242281841","potions_obtained":[{"floor":3,"key":"BlessingOfTheForge"},{"floor":12,"key":"Block Potion"},{"floor":16,"key":"Strength Potion"},{"floor":18,"key":"BlessingOfTheForge"},{"floor":19,"key":"Ambrosia"},{"floor":23,"key":"BlessingOfTheForge"},{"floor":30,"key":"Strength Potion"},{"floor":35,"key":"DuplicationPotion"},{"floor":45,"key":"DistilledChaos"},{"floor":47,"key":"BlessingOfTheForge"}],"is_trial":false,"path_per_floor":["M","M","M","T","M","R","$","E","T","M","R","M","R","E","R","B",null,"M","?","M","M","M","E","T","R","T","M","$","R","E","?","R","B",null,"M","M","M","$","?","R","E","M","T","E","M","?","M","?","R","B","B"],"character_chosen":"WATCHER","items_purchased":["OrangePellets","TalkToTheHand+1","Ragnarok+1","DeceiveReality"],"campfire_rested":1,"item_purchase_floors":[7,28,28,38],"current_hp_per_floor":[65,63,61,61,50,59,59,37,37,36,45,45,54,38,47,16,61,61,61,61,61,60,60,60,75,75,75,75,76,70,70,76,65,73,73,55,54,54,49,64,59,62,62,30,33,33,39,39,76,35,0],"gold":125,"neow_bonus":"ONE_RARE_RELIC","is_prod":false,"is_daily":false,"chose_seed":false,"campfire_upgraded":7,"win_rate":0,"timestamp":1604880774,"path_taken":["M","?","M","?","M","R","$","E","T","M","R","M","R","E","R","BOSS","M","?","M","?","M","E","?","R","T","M","$","R","E","?","R","BOSS","M","?","M","$","?","R","E","M","T","E","M","?","M","?","R","BOSS","BOSS"],"build_version":"2020-07-30","purchased_purges":2,"victory":false,"max_hp_per_floor":[76,76,76,76,76,76,76,76,76,76,76,76,76,76,76,76,76,76,76,76,76,76,76,76,76,76,76,76,76,76,76,76,76,76,76,76,76,76,76,76,76,76,76,76,76,76,76,76,76,76,76],"card_choices":[{"not_picked":["JustLucky","Collect"],"picked":"Consecrate","floor":1},{"not_picked":["JustLucky","FollowUp"],"picked":"CrushJoints","floor":2},{"not_picked":["Perseverance","FlyingSleeves"],"picked":"Wireheading","floor":3},{"not_picked":["CrushJoints","Crescendo"],"picked":"Judgement","floor":5},{"not_picked":["JustLucky+1","FollowUp+1"],"picked":"Meditate","floor":8},{"not_picked":["Meditate","Crescendo"],"picked":"FlurryOfBlows+1","floor":10},{"not_picked":["WreathOfFlame","Pray"],"picked":"WheelKick+1","floor":12},{"not_picked":["WindmillStrike+1","Collect"],"picked":"ThirdEye","floor":14},{"not_picked":["Judgement","Omniscience"],"picked":"Establishment","floor":16},{"not_picked":["Swivel+1","FlurryOfBlows+1"],"picked":"Protect","floor":18},{"not_picked":["FearNoEvil+1","FlyingSleeves+1"],"picked":"MentalFortress+1","floor":20},{"not_picked":["Wireheading","Consecrate+1"],"picked":"Prostrate","floor":21},{"not_picked":["Indignation","Vengeance"],"picked":"Protect","floor":22},{"not_picked":["Protect","FlurryOfBlows+1"],"picked":"DeceiveReality","floor":23},{"not_picked":["JustLucky+1","WreathOfFlame","BowlingBash+1"],"picked":"SKIP","floor":27},{"not_picked":["Evaluate","Swivel","Wireheading"],"picked":"SKIP","floor":30},{"not_picked":["ForeignInfluence","SandsOfTime+1"],"picked":"CutThroughFate+1","floor":35},{"not_picked":["Consecrate+1","Indignation+1"],"picked":"Protect+1","floor":36},{"not_picked":["Consecrate+1","FearNoEvil+1","Protect"],"picked":"SKIP","floor":37},{"not_picked":["Good Instincts","Deep Breath"],"picked":"Panache","floor":39},{"not_picked":["ThirdEye","CutThroughFate+1"],"picked":"Tantrum+1","floor":41},{"not_picked":["Crescendo","FlurryOfBlows+1"],"picked":"WheelKick+1","floor":42},{"not_picked":["Alpha","Weave+1"],"picked":"Wallop+1","floor":44},{"not_picked":["Wallop+1","CrushJoints+1"],"picked":"Sanctity","floor":45},{"not_picked":["Prostrate","Swivel"],"picked":"Study","floor":47}],"player_experience":2711315,"relics_obtained":[{"floor":4,"key":"Eternal Feather"},{"floor":8,"key":"Molten Egg 2"},{"floor":9,"key":"Bottled Tornado"},{"floor":14,"key":"Damaru"},{"floor":23,"key":"Mummified Hand"},{"floor":24,"key":"Anchor"},{"floor":30,"key":"HornCleat"},{"floor":41,"key":"Bird Faced Urn"},{"floor":41,"key":"InkBottle"},{"floor":43,"key":"Shovel"},{"floor":44,"key":"Gremlin Horn"},{"floor":44,"key":"Bottled Lightning"}],"event_choices":[{"damage_healed":0,"gold_gain":0,"player_choice":"Got Potions","damage_taken":0,"max_hp_gain":0,"max_hp_loss":0,"event_name":"Lab","floor":19,"gold_loss":0},{"damage_healed":0,"gold_gain":0,"cards_transformed":["Strike_P"],"player_choice":"Transformed","damage_taken":0,"max_hp_gain":0,"max_hp_loss":0,"event_name":"Transmorgrifier","floor":31,"gold_loss":0,"cards_obtained":["Ragnarok"]},{"damage_healed":0,"gold_gain":0,"player_choice":"Memory 2","damage_taken":5,"max_hp_gain":0,"max_hp_loss":0,"event_name":"SensoryStone","floor":39,"gold_loss":0},{"damage_healed":0,"gold_gain":0,"player_choice":"Ignored","damage_taken":0,"max_hp_gain":0,"max_hp_loss":0,"event_name":"Tomb of Lord Red Mask","floor":46,"gold_loss":0},{"cards_removed":["Ragnarok"],"damage_healed":0,"gold_gain":0,"player_choice":"Removed Attack","damage_taken":0,"max_hp_gain":0,"max_hp_loss":0,"event_name":"Falling","floor":48,"gold_loss":0}],"is_beta":true,"boss_relics":[{"not_picked":["Velvet Choker","Snecko Eye"],"picked":"Philosopher\u0027s Stone"},{"not_picked":["HolyWater","VioletLotus"],"picked":"Black Star"}],"items_purged_floors":[28,38],"is_endless":false,"potions_floor_spawned":[3,12,16,18,23,30,35,42,45,47],"killed_by":"Time Eater","ascension_level":20}