{"gold_per_floor":[115,115,140,140,155,155,168,204,239,284,296,333,345,432,444,549,561,594,311,311,311,327,362,362,385,385,405,418,454,504,520,520,520],"floor_reached":33,"playtime":2219,"items_purged":["Strike_P"],"score":719,"play_id":"5bac7081-3cb0-4c34-99c6-101ad6ad496b","local_time":"20201106144516","is_ascension_mode":true,"campfire_choices":[{"data":"PathToVictory","floor":6,"key":"SMITH"},{"floor":11,"key":"REST"},{"data":"PathToVictory","floor":13,"key":"SMITH"},{"data":"PathToVictory","floor":15,"key":"SMITH"},{"data":"Strike_P+1","floor":24,"key":"PURGE"},{"floor":32,"key":"REST"}],"neow_cost":"NONE","seed_source_timestamp":1950505718416900,"circlet_count":0,"master_deck":["AscendersBane","Strike_P+1","Defend_P+1","Defend_P+1","Defend_P+1","Defend_P+1","Eruption","Vigilance","PathToVictory","EmptyFist","PathToVictory+1","DeceiveReality","CutThroughFate","ThirdEye","PathToVictory+1","PathToVictory+1","SpiritShield","CurseOfTheBell","LikeWater","Nirvana","Scrawl"],"relics":["PureWater","Golden Idol","Centennial Puzzle","MawBank","Bag of Preparation","Peace Pipe","Calling Bell","Potion Belt","Ornamental Fan","StoneCalendar","OrangePellets","Gremlin Horn","Thread and Needle"],"potions_floor_usage":[10,12,18,23,23,28,29,29],"damage_taken":[{"damage":1,"enemies":"Small Slimes","floor":1,"turns":3},{"damage":0,"enemies":"2 Louse","floor":3,"turns":3},{"damage":0,"enemies":"Jaw Worm","floor":5,"turns":4},{"damage":3,"enemies":"Large Slime","floor":7,"turns":3},{"damage":4,"enemies":"Gremlin Nob","floor":8,"turns":3},{"damage":21,"enemies":"3 Sentries","floor":10,"turns":12},{"damage":9,"enemies":"Lots of Slimes","floor":12,"turns":5},{"damage":0,"enemies":"Hexaghost","floor":16,"turns":5},{"damage":1,"enemies":"Shell Parasite","floor":18,"turns":2},{"damage":0,"enemies":"Chosen","floor":22,"turns":3},{"damage":3,"enemies":"Gremlin Leader","floor":23,"turns":5},{"damage":0,"enemies":"Centurion and Healer","floor":25,"turns":6},{"damage":18,"enemies":"Chosen and Byrds","floor":27,"turns":5},{"damage":1,"enemies":"3 Cultists","floor":28,"turns":4},{"damage":13,"enemies":"Book of Stabbing","floor":29,"turns":4},{"damage":0,"enemies":"Snecko","floor":31,"turns":4},{"damage":40,"enemies":"Automaton","floor":33,"turns":6}],"seed_played":"-2949140985681847137","potions_obtained":[{"floor":1,"key":"BottledMiracle"},{"floor":3,"key":"Block Potion"},{"floor":10,"key":"PowerPotion"},{"floor":12,"key":"BottledMiracle"},{"floor":16,"key":"DuplicationPotion"},{"floor":18,"key":"Ambrosia"},{"floor":22,"key":"BlessingOfTheForge"},{"floor":27,"key":"LiquidMemories"},{"floor":31,"key":"SteroidPotion"}],"is_trial":false,"path_per_floor":["M","?","M","?","M","R","M","E","T","E","R","M","R","?","R","B",null,"M","$","?","?","M","E","R","M","T","M","M","E","?","M","R","B"],"character_chosen":"WATCHER","items_purchased":["OrangePellets","Fire Potion"],"campfire_rested":2,"item_purchase_floors":[19,19],"current_hp_per_floor":[60,60,60,42,42,42,39,35,35,14,32,23,23,12,12,12,50,49,49,49,49,49,46,46,46,46,28,27,14,14,14,32,0],"gold":520,"neow_bonus":"THREE_CARDS","is_prod":false,"is_daily":false,"chose_seed":false,"campfire_upgraded":3,"win_rate":0,"timestamp":1604702716,"path_taken":["M","?","M","?","M","R","M","E","T","E","R","M","R","?","R","BOSS","M","$","?","?","M","E","R","M","T","?","M","E","?","M","R","BOSS"],"build_version":"2020-07-30","purchased_purges":1,"victory":false,"max_hp_per_floor":[68,62,62,62,62,62,62,62,62,62,62,62,62,62,62,62,62,62,62,62,62,62,62,62,62,62,62,62,62,62,62,62,62],"card_choices":[{"not_picked":["Sanctity","WaveOfTheHand"],"picked":"PathToVictory","floor":0},{"not_picked":["Collect","Weave"],"picked":"EmptyFist","floor":1},{"not_picked":["FlyingSleeves","InnerPeace"],"picked":"PathToVictory","floor":3},{"not_picked":["SashWhip","CrushJoints"],"picked":"DeceiveReality","floor":5},{"not_picked":["Protect","Vengeance"],"picked":"CutThroughFate","floor":7},{"not_picked":["FollowUp","Collect"],"picked":"ThirdEye","floor":8},{"not_picked":["SignatureMove","ConjureBlade"],"picked":"PathToVictory","floor":10},{"not_picked":["Evaluate","EmptyBody"],"picked":"PathToVictory","floor":12},{"not_picked":["Brilliance","Establishment"],"picked":"SpiritShield","floor":16},{"not_picked":["FlurryOfBlows","FearNoEvil","ThirdEye"],"picked":"SKIP","floor":18},{"not_picked":["Protect","EmptyMind","TalkToTheHand"],"picked":"SKIP","floor":22},{"not_picked":["EmptyMind","Collect"],"picked":"LikeWater","floor":23},{"not_picked":["CrushJoints","Study"],"picked":"Nirvana","floor":25},{"not_picked":["Crescendo","Collect","EmptyBody"],"picked":"SKIP","floor":27},{"not_picked":["BattleHymn","SashWhip","Halt"],"picked":"SKIP","floor":28},{"not_picked":["CrushJoints","SignatureMove","Study"],"picked":"SKIP","floor":29},{"not_picked":["Nirvana","Worship"],"picked":"Scrawl","floor":31}],"player_experience":2659061,"relics_obtained":[{"floor":8,"key":"MawBank"},{"floor":9,"key":"Bag of Preparation"},{"floor":10,"key":"Peace Pipe"},{"floor":17,"key":"Potion Belt"},{"floor":17,"key":"Ornamental Fan"},{"floor":17,"key":"StoneCalendar"},{"floor":23,"key":"Gremlin Horn"},{"floor":29,"key":"Thread and Needle"}],"event_choices":[{"damage_healed":0,"gold_gain":0,"player_choice":"Lose Max HP","damage_taken":0,"relics_obtained":["Golden Idol"],"max_hp_gain":0,"max_hp_loss":6,"event_name":"Golden Idol","floor":2,"gold_loss":0},{"damage_healed":0,"gold_gain":0,"player_choice":"Success","damage_taken":18,"relics_obtained":["Centennial Puzzle"],"max_hp_gain":0,"max_hp_loss":0,"event_name":"Scrap Ooze","floor":4,"gold_loss":0},{"damage_healed":0,"gold_gain":75,"player_choice":"Gather Gold","damage_taken":11,"max_hp_gain":0,"max_hp_loss":0,"event_name":"World of Goop","floor":14,"gold_loss":0},{"damage_healed":0,"gold_gain":0,"player_choice":"Simplicity","damage_taken":0,"max_hp_gain":0,"max_hp_loss":0,"event_name":"Back to Basics","floor":20,"gold_loss":0,"cards_upgraded":["Strike_P","Strike_P","Strike_P","Defend_P","Defend_P","Defend_P","Defend_P"]},{"cards_removed":["Strike_P"],"damage_healed":0,"gold_gain":0,"player_choice":"Purged","damage_taken":0,"max_hp_gain":0,"max_hp_loss":0,"event_name":"Purifier","floor":21,"gold_loss":0},{"damage_healed":0,"gold_gain":50,"player_choice":"Pray","damage_taken":0,"max_hp_gain":0,"max_hp_loss":0,"event_name":"Golden Shrine","floor":30,"gold_loss":0}],"is_beta":true,"boss_relics":[{"not_picked":["VioletLotus","Runic Dome"],"picked":"Calling Bell"}],"items_purged_floors":[19],"is_endless":false,"potions_floor_spawned":[1,3,10,12,16,18,22,27,31],"killed_by":"Automaton","ascension_level":20}