{"gold_per_floor":[44,81,81,96,52,52,78,78,105,105,105,148,190,237,237,341,341,385,427,427,476,125,125,155],"floor_reached":24,"playtime":1310,"items_purged":["Strike_P"],"score":496,"play_id":"a7c83e93-ef50-40d7-80e2-ee7f456150f3","local_time":"20201110224053","is_ascension_mode":true,"campfire_choices":[{"data":"Wish","floor":6.0,"key":"SMITH"},{"data":"Wallop","floor":8.0,"key":"SMITH"},{"floor":10.0,"key":"REST"},{"floor":15.0,"key":"REST"},{"floor":23,"key":"REST"}],"neow_cost":"NO_GOLD","seed_source_timestamp":0,"circlet_count":0,"master_deck":["AscendersBane","Strike_P","Strike_P","Defend_P","Defend_P","Defend_P","Defend_P","Eruption","Vigilance","Wish+1","CutThroughFate","Wallop+1","Wireheading","Tantrum","Conclude+1","FearNoEvil","ReachHeaven","Protect","Scrawl","EmptyFist+1","Halt","EmptyBody+1","Wallop"],"special_seed":0,"relics":["PureWater","Happy Flower","Orichalcum","The Courier","Runic Pyramid","Kunai"],"potions_floor_usage":[19],"damage_taken":[{"damage":25.0,"enemies":"Cultist","floor":1.0,"turns":6.0},{"damage":5.0,"enemies":"Small Slimes","floor":2.0,"turns":8.0},{"damage":0.0,"enemies":"Jaw Worm","floor":4.0,"turns":4.0},{"damage":22.0,"enemies":"3 Sentries","floor":7.0,"turns":4.0},{"damage":6.0,"enemies":"3 Louse","floor":12.0,"turns":4.0},{"damage":0.0,"enemies":"Gremlin Gang","floor":13.0,"turns":3.0},{"damage":12.0,"enemies":"Lots of Slimes","floor":14.0,"turns":2.0},{"damage":0.0,"enemies":"Hexaghost","floor":16.0,"turns":7.0},{"damage":36,"enemies":"Shell Parasite","floor":18,"turns":4},{"damage":18,"enemies":"Spheric Guardian","floor":19,"turns":4},{"damage":0,"enemies":"Centurion and Healer","floor":21,"turns":5},{"damage":30,"enemies":"Slavers","floor":24,"turns":3}],"seed_played":"-2714558078518945611","potions_obtained":[{"floor":7.0,"key":"Ancient Potion"},{"floor":12.0,"key":"Weak Potion"},{"floor":14.0,"key":"SteroidPotion"},{"floor":18,"key":"StancePotion"}],"is_trial":false,"path_per_floor":["M","M","?","M","$","R","E","R","T","R","?","M","M","M","R","B",null,"M","M","?","M","$","R","E"],"character_chosen":"WATCHER","items_purchased":["Tantrum","Wallop","Kunai"],"campfire_rested":3,"item_purchase_floors":[5,22,22],"current_hp_per_floor":[36,31,24,24,24,24,2,2,2,22,22,16,16,4,24,24,57,21,3,3,3,3,23,0],"gold":155,"neow_bonus":"THREE_RARE_CARDS","is_prod":false,"is_daily":false,"chose_seed":false,"campfire_upgraded":2,"win_rate":0,"timestamp":1605076853,"path_taken":["M","?","?","M","?","R","E","R","T","R","?","M","?","M","R","BOSS","M","?","?","M","$","R","E"],"build_version":"2020-11-10","purchased_purges":1,"victory":false,"max_hp_per_floor":[68,68,68,68,68,68,68,68,68,68,68,68,68,68,68,68,68,68,68,68,68,68,68,68],"card_choices":[{"not_picked":["Vault","MasterReality"],"picked":"Wish","floor":0.0},{"not_picked":["ClearTheMind","PathToVictory"],"picked":"CutThroughFate","floor":1.0},{"not_picked":["WreathOfFlame","FlyingSleeves"],"picked":"Wallop","floor":2.0},{"not_picked":["FlurryOfBlows","JustLucky"],"picked":"Wireheading","floor":4.0},{"not_picked":["Nirvana","CarveReality"],"picked":"Conclude","floor":7.0},{"not_picked":["FlyingSleeves","Evaluate"],"picked":"FearNoEvil","floor":12.0},{"not_picked":["WreathOfFlame","EmptyMind"],"picked":"ReachHeaven","floor":13.0},{"not_picked":["JustLucky","Crescendo"],"picked":"Protect","floor":14.0},{"not_picked":["Ragnarok","Alpha"],"picked":"Scrawl","floor":16.0},{"not_picked":["FlyingSleeves","SashWhip"],"picked":"EmptyFist+1","floor":18},{"not_picked":["FlyingSleeves","BowlingBash"],"picked":"Halt","floor":19},{"not_picked":["Omniscience","JustLucky"],"picked":"EmptyBody+1","floor":21}],"player_experience":2750175,"relics_obtained":[{"floor":7.0,"key":"Happy Flower"},{"floor":9.0,"key":"Orichalcum"}],"event_choices":[{"cards_removed":["Strike_P"],"damage_healed":0.0,"max_hp_gain":0.0,"max_hp_loss":0.0,"gold_gain":0.0,"event_name":"Golden Wing","player_choice":"Card Removal","floor":3.0,"gold_loss":0.0,"damage_taken":7.0},{"damage_healed":0.0,"max_hp_gain":0.0,"max_hp_loss":0.0,"gold_gain":0.0,"event_name":"WeMeetAgain","player_choice":"Gave Potion","floor":11.0,"gold_loss":0.0,"damage_taken":0.0,"relics_obtained":["The Courier"]},{"damage_healed":0,"gold_gain":0,"player_choice":"Upgraded","damage_taken":0,"max_hp_gain":0,"max_hp_loss":0,"event_name":"Upgrade Shrine","floor":20,"gold_loss":0,"cards_upgraded":["Conclude"]}],"is_beta":true,"boss_relics":[{"not_picked":["Empty Cage","Sozu"],"picked":"Runic Pyramid"}],"items_purged_floors":[22],"is_endless":false,"potions_floor_spawned":[7,12,14,18],"killed_by":"Slavers","ascension_level":20}