{"gold_per_floor":[111,126,145,34,50,81,81,113,162,189,189,189,204,204,204,281,281,293,218,229,279,279,279,304,304,304,3,3,3,38,55,55,132,132,147,147,147,30,30,61,61,94,120,446,446,474,474,499,499,499,499,499,499,64,98,98],"floor_reached":56,"playtime":6237,"items_purged":["Strike_P","Strike_P"],"score":2461,"play_id":"0f5a1729-301f-44b5-bbb1-2909fba5bd2b","local_time":"20210603110916","is_ascension_mode":true,"campfire_choices":[{"floor":7.0,"key":"REST"},{"data":"SandsOfTime","floor":11.0,"key":"SMITH"},{"data":"Fasting2","floor":15.0,"key":"SMITH"},{"floor":23.0,"key":"REST"},{"data":"Devotion","floor":25.0,"key":"SMITH"},{"floor":29.0,"key":"REST"},{"data":"Tantrum","floor":32.0,"key":"SMITH"},{"floor":41.0,"key":"RECALL"},{"data":"Wallop","floor":45.0,"key":"SMITH"},{"data":"DeceiveReality","floor":47.0,"key":"SMITH"},{"data":"ThirdEye","floor":49.0,"key":"SMITH"},{"data":"CutThroughFate","floor":53.0,"key":"SMITH"}],"neow_cost":"NONE","seed_source_timestamp":0,"circlet_count":0,"master_deck":["AscendersBane","Defend_P","Defend_P+1","Defend_P","Defend_P","Eruption+1","Vigilance","Consecrate","SandsOfTime+1","Fasting2+1","Halt","JustLucky","FearNoEvil","ThirdEye+1","Adaptation","Devotion+1","Pray+1","CutThroughFate+1","DeceiveReality+1","Tantrum+1","FlurryOfBlows","DevaForm","SashWhip+1","JustLucky","Prostrate","Wallop+1","Halt+1","DeceiveReality+1","WheelKick","Fasting2","Weave"],"special_seed":0,"relics":["HolyWater","Oddly Smooth Stone","Bronze Scales","StrikeDummy","Damaru","Bag of Marbles","Eternal Feather","Juzu Bracelet","Dream Catcher","War Paint","Yang","Coffee Dripper","Toy Ornithopter","Orichalcum","Old Coin","Blood Vial","Pantograph","ClockworkSouvenir","Ginger"],"potions_floor_usage":[55,55,56],"damage_taken":[{"damage":8.0,"enemies":"Small Slimes","floor":1.0,"turns":4.0},{"damage":6.0,"enemies":"Jaw Worm","floor":2.0,"turns":4.0},{"damage":2.0,"enemies":"2 Louse","floor":3.0,"turns":3.0},{"damage":18.0,"enemies":"Large Slime","floor":5.0,"turns":5.0},{"damage":1.0,"enemies":"Lagavulin","floor":6.0,"turns":6.0},{"damage":11.0,"enemies":"3 Sentries","floor":8.0,"turns":5.0},{"damage":0.0,"enemies":"Lagavulin","floor":10.0,"turns":5.0},{"damage":4.0,"enemies":"Exordium Thugs","floor":13.0,"turns":2.0},{"damage":0.0,"enemies":"Slime Boss","floor":16.0,"turns":4.0},{"damage":29.0,"enemies":"Chosen","floor":18.0,"turns":6.0},{"damage":2.0,"enemies":"3 Byrds","floor":20.0,"turns":4.0},{"damage":36.0,"enemies":"Slavers","floor":24.0,"turns":5.0},{"damage":0.0,"enemies":"Gremlin Leader","floor":30.0,"turns":3.0},{"damage":10.0,"enemies":"Snecko","floor":31.0,"turns":5.0},{"damage":12.0,"enemies":"Automaton","floor":33.0,"turns":8.0},{"damage":4.0,"enemies":"3 Shapes","floor":35.0,"turns":5.0},{"damage":0.0,"enemies":"Giant Head","floor":40.0,"turns":5.0},{"damage":5.0,"enemies":"Nemesis","floor":42.0,"turns":5.0},{"damage":0.0,"enemies":"Giant Head","floor":44.0,"turns":6.0},{"damage":10.0,"enemies":"Nemesis","floor":46.0,"turns":7.0},{"damage":0.0,"enemies":"Giant Head","floor":48.0,"turns":5.0},{"damage":8.0,"enemies":"Donu and Deca","floor":50.0,"turns":8.0},{"damage":47.0,"enemies":"Awakened One","floor":51.0,"turns":11.0},{"damage":61,"enemies":"Shield and Spear","floor":55,"turns":6},{"damage":71,"enemies":"The Heart","floor":56,"turns":3}],"seed_played":"8564133878199109852","potions_obtained":[{"floor":5.0,"key":"Dexterity Potion"},{"floor":10.0,"key":"Explosive Potion"},{"floor":13.0,"key":"AttackPotion"},{"floor":16.0,"key":"PowerPotion"},{"floor":18.0,"key":"LiquidMemories"},{"floor":33.0,"key":"AttackPotion"},{"floor":35.0,"key":"FearPotion"},{"floor":40.0,"key":"Weak Potion"},{"floor":44.0,"key":"Energy Potion"},{"floor":55,"key":"Regen Potion"}],"is_trial":false,"path_per_floor":["M","M","M","$","M","E","R","E","T","E","R","?","M","?","R","B",null,"M","?","M","?","?","R","E","R","T","$","?","R","E","M","R","B",null,"M","?","?","$","?","E","R","E","T","E","R","E","R","E","R","B","B",null,"R","$","E","B"],"character_chosen":"WATCHER","items_purchased":["Halt","SteroidPotion","War Paint","Fire Potion","Prostrate","Wallop","ClockworkSouvenir","Fasting2","Weave","SkillPotion"],"campfire_rested":3,"item_purchase_floors":[4,4,27,27,38,38,54,54,54,54],"current_hp_per_floor":[53,47,45,45,27,26,46,35,35,35,35,24,20,20,29,29,58,29,29,27,27,6,38,2,14,14,14,14,46,46,36,48,36,60,56,56,56,56,56,56,65,60,60,65,65,55,65,65,65,57,18,53,65,65,9,0],"gold":98,"neow_bonus":"RANDOM_COMMON_RELIC","is_prod":false,"is_daily":false,"chose_seed":false,"campfire_upgraded":8,"win_rate":0,"timestamp":1622743756,"path_taken":["M","M","M","$","M","E","R","E","T","E","R","?","M","?","R","BOSS","M","?","M","?","?","R","E","R","T","$","?","R","E","M","R","BOSS","M","?","?","$","?","E","R","E","T","E","R","E","R","E","R","BOSS","BOSS","R","$","E","BOSS"],"build_version":"2020-12-18","purchased_purges":2,"victory":false,"max_hp_per_floor":[68,68,68,68,68,68,68,68,68,68,68,68,68,68,68,68,68,68,68,68,68,68,68,68,68,68,68,68,68,68,68,68,68,68,68,68,68,68,65,65,65,65,65,65,65,65,65,65,65,65,65,65,65,65,65,65],"relic_stats":{"counters":[25,130],"Eternal Feather":88,"Yang":[174],"Juzu Bracelet":1,"Ginger":[2],"War Paint":["Defend_P","DeceiveReality"],"Orichalcum":[6],"Blood Vial":2,"Dream Catcher":1,"Bronze Scales":[336],"Pantograph":33,"obtain_stats":[{"Oddly Smooth Stone":0,"Damaru":9,"Eternal Feather":12,"Yang":30,"Juzu Bracelet":24,"Ginger":55,"War Paint":27,"Orichalcum":42,"Old Coin":44,"ClockworkSouvenir":54,"Blood Vial":46,"Dream Catcher":26,"Bronze Scales":6,"Pantograph":48,"HolyWater":17,"Bag of Marbles":10,"Coffee Dripper":34,"PureWater":0,"StrikeDummy":8,"Toy Ornithopter":40},{"Oddly Smooth Stone":0,"Damaru":6,"Eternal Feather":7,"Yang":13,"Juzu Bracelet":12,"Ginger":24,"War Paint":12,"Orichalcum":18,"Old Coin":19,"ClockworkSouvenir":23,"Blood Vial":20,"Dream Catcher":12,"Bronze Scales":5,"Pantograph":21,"HolyWater":9,"Bag of Marbles":7,"Coffee Dripper":15,"PureWater":0,"StrikeDummy":6,"Toy Ornithopter":17},{"Oddly Smooth Stone":0,"Damaru":27,"Eternal Feather":32,"Yang":56,"Juzu Bracelet":53,"Ginger":127,"War Paint":53,"Orichalcum":84,"Old Coin":90,"ClockworkSouvenir":121,"Blood Vial":97,"Dream Catcher":53,"Bronze Scales":22,"Pantograph":102,"HolyWater":38,"Bag of Marbles":32,"Coffee Dripper":69,"PureWater":0,"StrikeDummy":27,"Toy Ornithopter":79}],"Toy Ornithopter":15},"card_choices":[{"not_picked":["FollowUp","Evaluate"],"picked":"Consecrate","floor":1.0},{"not_picked":["Pray","EmptyFist"],"picked":"SandsOfTime","floor":2.0},{"not_picked":["Sanctity","ClearTheMind"],"picked":"Fasting2","floor":3.0},{"not_picked":["FlyingSleeves","Weave"],"picked":"JustLucky","floor":5.0},{"not_picked":["InnerPeace","Brilliance"],"picked":"FearNoEvil","floor":6.0},{"not_picked":["Consecrate","Study","MasterReality"],"picked":"SKIP","floor":8.0},{"not_picked":["Nirvana","Protect"],"picked":"ThirdEye","floor":10.0},{"not_picked":["Vengeance","FearNoEvil"],"picked":"Adaptation","floor":13.0},{"not_picked":["LessonLearned","MasterReality"],"picked":"Devotion","floor":16.0},{"not_picked":["Protect+1","PathToVictory"],"picked":"Pray+1","floor":18.0},{"not_picked":["PathToVictory","CrushJoints"],"picked":"CutThroughFate","floor":20.0},{"not_picked":["Collect","CarveReality"],"picked":"DeceiveReality","floor":24.0},{"not_picked":["InnerPeace","Indignation"],"picked":"Tantrum","floor":29.0},{"not_picked":["SandsOfTime+1","Tantrum"],"picked":"FlurryOfBlows","floor":30.0},{"not_picked":["Swivel","SandsOfTime","SignatureMove"],"picked":"SKIP","floor":31.0},{"not_picked":["Alpha","Judgement"],"picked":"DevaForm","floor":33.0},{"not_picked":["TalkToTheHand","FollowUp"],"picked":"SashWhip+1","floor":35.0},{"not_picked":["FearNoEvil+1","LikeWater"],"picked":"Halt+1","floor":40.0},{"not_picked":["PathToVictory","Prostrate"],"picked":"DeceiveReality","floor":42.0},{"not_picked":["ForeignInfluence","Ragnarok"],"picked":"WheelKick","floor":44.0},{"not_picked":["Consecrate","EmptyFist","FearNoEvil"],"picked":"SKIP","floor":46.0},{"not_picked":["Worship","Adaptation","Crescendo"],"picked":"SKIP","floor":48.0},{"not_picked":["ClearTheMind","SandsOfTime+1","BattleHymn"],"picked":"SKIP","floor":55}],"player_experience":3964177,"relics_obtained":[{"floor":6.0,"key":"Bronze Scales"},{"floor":8.0,"key":"StrikeDummy"},{"floor":9.0,"key":"Damaru"},{"floor":10.0,"key":"Bag of Marbles"},{"floor":24.0,"key":"Juzu Bracelet"},{"floor":26.0,"key":"Dream Catcher"},{"floor":30.0,"key":"Yang"},{"floor":40.0,"key":"Toy Ornithopter"},{"floor":42.0,"key":"Orichalcum"},{"floor":44.0,"key":"Old Coin"},{"floor":46.0,"key":"Blood Vial"},{"floor":48.0,"key":"Pantograph"},{"floor":55,"key":"Ginger"}],"event_choices":[{"damage_healed":0.0,"max_hp_gain":0.0,"max_hp_loss":0.0,"gold_gain":0.0,"event_name":"Scrap Ooze","player_choice":"Success","floor":12.0,"gold_loss":0.0,"damage_taken":11.0,"relics_obtained":["Eternal Feather"]},{"damage_healed":0.0,"max_hp_gain":0.0,"max_hp_loss":0.0,"gold_gain":0.0,"event_name":"Living Wall","player_choice":"Grow","floor":14.0,"gold_loss":0.0,"damage_taken":0.0,"cards_upgraded":["Eruption"]},{"cards_removed":["Strike_P"],"damage_healed":0.0,"max_hp_gain":0.0,"max_hp_loss":0.0,"gold_gain":0.0,"event_name":"Beggar","player_choice":"Gave Gold","floor":19.0,"gold_loss":75.0,"damage_taken":0.0},{"damage_healed":0.0,"max_hp_gain":0.0,"max_hp_loss":0.0,"gold_gain":50.0,"event_name":"Nest","player_choice":"Stole From Cult","floor":21.0,"gold_loss":0.0,"damage_taken":0.0},{"damage_healed":0.0,"max_hp_gain":0.0,"max_hp_loss":0.0,"gold_gain":0.0,"event_name":"Cursed Tome","player_choice":"Obtained Book","floor":22.0,"gold_loss":0.0,"damage_taken":21.0},{"damage_healed":0.0,"max_hp_gain":0.0,"max_hp_loss":0.0,"gold_gain":0.0,"event_name":"The Mausoleum","player_choice":"Ignored","floor":28.0,"gold_loss":0.0,"damage_taken":0.0},{"damage_healed":0.0,"max_hp_gain":0.0,"max_hp_loss":0.0,"gold_gain":0.0,"cards_transformed":["Strike_P"],"event_name":"Transmorgrifier","player_choice":"Transformed","floor":36.0,"gold_loss":0.0,"damage_taken":0.0,"cards_obtained":["JustLucky"]},{"damage_healed":0.0,"max_hp_gain":0.0,"max_hp_loss":0.0,"gold_gain":0.0,"event_name":"Mysterious Sphere","player_choice":"Ignored","floor":37.0,"gold_loss":0.0,"damage_taken":0.0},{"damage_healed":0.0,"max_hp_gain":0.0,"max_hp_loss":3.0,"gold_gain":0.0,"event_name":"Winding Halls","player_choice":"Max HP","floor":39.0,"gold_loss":0.0,"damage_taken":0.0}],"is_beta":true,"boss_relics":[{"not_picked":["Astrolabe","Runic Dome"],"picked":"HolyWater"},{"not_picked":["Snecko Eye","Busted Crown"],"picked":"Coffee Dripper"}],"items_purged_floors":[27,54],"is_endless":false,"potions_floor_spawned":[5,10,13,16,18,20,33,35,40,44,55],"killed_by":"The Heart","ascension_level":20}