{"gold_per_floor":[114,114,189,199,199,199,231,231,231,266,281,100,100,117,117,196,196,207,207,207,207,227,227,13,13,13,47,67,82,82,114,114,114],"floor_reached":33,"playtime":2261,"items_purged":["Strike_P","Strike_P+1"],"score":682,"play_id":"781390ef-bc25-4eef-ba08-fb968c600df9","local_time":"20210602133132","is_ascension_mode":true,"campfire_choices":[{"data":"Eruption","floor":6,"key":"SMITH"},{"data":"Wallop","floor":8,"key":"SMITH"},{"data":"Conclude","floor":15,"key":"SMITH"},{"data":"SpiritShield","floor":23,"key":"SMITH"},{"data":"TalkToTheHand","floor":25,"key":"SMITH"},{"data":"1","floor":30,"key":"LIFT"},{"data":"2","floor":32,"key":"LIFT"}],"neow_cost":"TEN_PERCENT_HP_LOSS","seed_source_timestamp":1075819681985399,"circlet_count":0,"master_deck":["AscendersBane","Strike_P+1","Defend_P+1","Defend_P+1","Defend_P+1","Eruption+1","Vigilance","CarveReality","CrushJoints+1","Wallop+1","Conclude+1","CutThroughFate","LikeWater","MentalFortress","SpiritShield+1","CurseOfTheBell","EmptyFist","RitualDagger","TalkToTheHand+1","Wireheading","SashWhip+1","Halt","TalkToTheHand"],"relics":["PureWater","Smiling Mask","Mummified Hand","Eternal Feather","Calling Bell","Bronze Scales","Pear","Thread and Needle","Girya","Ancient Tea Set","Bag of Marbles"],"potions_floor_usage":[14,18,29,31],"damage_taken":[{"damage":2,"enemies":"Cultist","floor":1,"turns":4},{"damage":2,"enemies":"Jaw Worm","floor":4,"turns":3},{"damage":0,"enemies":"Gremlin Nob","floor":7,"turns":2},{"damage":9,"enemies":"3 Sentries","floor":10,"turns":7},{"damage":0,"enemies":"2 Louse","floor":11,"turns":3},{"damage":0,"enemies":"Large Slime","floor":14,"turns":6},{"damage":35,"enemies":"The Guardian","floor":16,"turns":8},{"damage":0,"enemies":"Spheric Guardian","floor":18,"turns":2},{"damage":7,"enemies":"Chosen","floor":22,"turns":5},{"damage":43,"enemies":"Slavers","floor":27,"turns":5},{"damage":0,"enemies":"Snecko","floor":28,"turns":4},{"damage":9,"enemies":"Centurion and Healer","floor":29,"turns":5},{"damage":0,"enemies":"Gremlin Leader","floor":31,"turns":4},{"damage":69,"enemies":"Champ","floor":33,"turns":12}],"seed_played":"4259679775523117459","potions_obtained":[{"floor":4,"key":"Weak Potion"},{"floor":10,"key":"Fire Potion"},{"floor":27,"key":"Swift Potion"},{"floor":28,"key":"StancePotion"}],"is_trial":false,"path_per_floor":["M","?","?","M","?","R","E","R","T","E","M","$","?","M","R","B",null,"M","?","?","?","M","R","$","R","T","E","M","M","R","E","R","B"],"character_chosen":"WATCHER","items_purchased":["CutThroughFate","LikeWater","TalkToTheHand","Wireheading"],"campfire_rested":0,"item_purchase_floors":[12,12,24,24],"current_hp_per_floor":[59,59,48,46,46,46,46,46,46,37,37,37,37,37,46,11,59,59,59,53,53,46,55,55,67,67,24,24,15,27,27,39,0],"gold":114,"neow_bonus":"REMOVE_TWO","is_prod":false,"is_daily":false,"chose_seed":false,"campfire_upgraded":5,"win_rate":0,"timestamp":1622665892,"path_taken":["M","?","?","M","?","R","E","R","T","E","M","$","?","M","R","BOSS","M","?","?","?","M","R","$","R","T","E","?","M","R","E","R","BOSS"],"build_version":"2020-12-18","purchased_purges":2,"victory":false,"max_hp_per_floor":[62,62,62,62,62,62,62,62,62,62,62,62,62,62,62,62,72,72,72,72,72,72,72,72,72,72,72,72,72,72,72,72,72],"relic_stats":{"counters":[14,70],"Mummified Hand":[24],"Bronze Scales":[73],"Eternal Feather":54,"Smiling Mask":75,"obtain_stats":[{"Calling Bell":17,"Girya":26,"Pear":17,"Mummified Hand":9,"Bronze Scales":17,"Eternal Feather":10,"Thread and Needle":17,"Bag of Marbles":31,"PureWater":0,"Smiling Mask":7,"Ancient Tea Set":27},{"Calling Bell":7,"Girya":9,"Pear":7,"Mummified Hand":3,"Bronze Scales":7,"Eternal Feather":4,"Thread and Needle":7,"Bag of Marbles":13,"PureWater":0,"Smiling Mask":3,"Ancient Tea Set":10},{"Calling Bell":33,"Girya":40,"Pear":33,"Mummified Hand":9,"Bronze Scales":33,"Eternal Feather":16,"Thread and Needle":33,"Bag of Marbles":58,"PureWater":0,"Smiling Mask":9,"Ancient Tea Set":45}]},"card_choices":[{"not_picked":["FollowUp","FlurryOfBlows"],"picked":"CarveReality","floor":1},{"not_picked":["FlyingSleeves","EmptyMind"],"picked":"CrushJoints","floor":4},{"not_picked":["Wireheading","Consecrate"],"picked":"Wallop","floor":7},{"not_picked":["FollowUp","ConjureBlade","PathToVictory"],"picked":"SKIP","floor":10},{"not_picked":["WaveOfTheHand","SashWhip"],"picked":"Conclude","floor":11},{"not_picked":["Prostrate","LikeWater"],"picked":"MentalFortress","floor":14},{"not_picked":["Alpha","MasterReality"],"picked":"SpiritShield","floor":16},{"not_picked":["WindmillStrike","Prostrate"],"picked":"EmptyFist","floor":18},{"not_picked":["FlyingSleeves","EmptyFist","WindmillStrike"],"picked":"SKIP","floor":22},{"not_picked":["Consecrate","CutThroughFate","Judgement"],"picked":"SKIP","floor":27},{"not_picked":["CutThroughFate","WheelKick"],"picked":"SashWhip+1","floor":28},{"not_picked":["Pray","Swivel"],"picked":"Halt","floor":29},{"not_picked":["ClearTheMind","ThirdEye"],"picked":"TalkToTheHand","floor":31}],"player_experience":3951101,"relics_obtained":[{"floor":7,"key":"Smiling Mask"},{"floor":9,"key":"Mummified Hand"},{"floor":10,"key":"Eternal Feather"},{"floor":17,"key":"Bronze Scales"},{"floor":17,"key":"Pear"},{"floor":17,"key":"Thread and Needle"},{"floor":26,"key":"Girya"},{"floor":27,"key":"Ancient Tea Set"},{"floor":31,"key":"Bag of Marbles"}],"event_choices":[{"damage_healed":0,"gold_gain":0,"player_choice":"Leave","damage_taken":0,"max_hp_gain":0,"max_hp_loss":0,"event_name":"The Cleric","floor":2,"gold_loss":0},{"damage_healed":0,"gold_gain":75,"player_choice":"Gather Gold","damage_taken":11,"max_hp_gain":0,"max_hp_loss":0,"event_name":"World of Goop","floor":3,"gold_loss":0},{"damage_healed":0,"gold_gain":0,"player_choice":"Grow","damage_taken":0,"max_hp_gain":0,"max_hp_loss":0,"event_name":"Living Wall","floor":5,"gold_loss":0,"cards_upgraded":["CrushJoints"]},{"damage_healed":0,"gold_gain":0,"player_choice":"Ignored","damage_taken":0,"max_hp_gain":0,"max_hp_loss":0,"event_name":"Liars Game","floor":13,"gold_loss":0},{"damage_healed":0,"gold_gain":0,"player_choice":"Simplicity","damage_taken":0,"max_hp_gain":0,"max_hp_loss":0,"event_name":"Back to Basics","floor":19,"gold_loss":0,"cards_upgraded":["Strike_P","Strike_P","Defend_P","Defend_P","Defend_P"]},{"damage_healed":0,"gold_gain":0,"player_choice":"Joined the Cult","damage_taken":6,"max_hp_gain":0,"max_hp_loss":0,"event_name":"Nest","floor":20,"gold_loss":0,"cards_obtained":["RitualDagger"]}],"is_beta":true,"boss_relics":[{"not_picked":["Ectoplasm","Velvet Choker"],"picked":"Calling Bell"}],"items_purged_floors":[12,24],"is_endless":false,"potions_floor_spawned":[4,10,27,28],"killed_by":"Champ","ascension_level":20}