{"gold_per_floor":[112,82,96,43,59,85,85,85],"floor_reached":8,"playtime":361,"items_purged":[],"score":112,"play_id":"1caca7d4-c187-48a5-afc9-b6161f58a9dc","local_time":"20210604000029","is_ascension_mode":true,"campfire_choices":[{"data":"CrushJoints","floor":7,"key":"SMITH"}],"neow_cost":"NONE","seed_source_timestamp":1201857062533500,"circlet_count":0,"master_deck":["AscendersBane","Strike_P","Strike_P","Strike_P","Strike_P","Defend_P","Defend_P","Defend_P","Defend_P","Eruption","Vigilance","ThirdEye","CrushJoints+1","FlurryOfBlows","Nirvana"],"relics":["PureWater","NeowsBlessing","Lantern"],"potions_floor_usage":[6,6],"damage_taken":[{"damage":0,"enemies":"Jaw Worm","floor":1,"turns":1},{"damage":0,"enemies":"Cultist","floor":3,"turns":1},{"damage":0,"enemies":"Small Slimes","floor":5,"turns":1},{"damage":29,"enemies":"3 Sentries","floor":6,"turns":12},{"damage":65,"enemies":"Lagavulin","floor":8,"turns":6}],"seed_played":"-8495195218186323961","potions_obtained":[{"floor":2,"key":"LiquidMemories"},{"floor":2,"key":"SpeedPotion"}],"is_trial":false,"path_per_floor":["M","?","M","$","M","E","R","E"],"character_chosen":"WATCHER","items_purchased":["Fire Potion"],"campfire_rested":0,"item_purchase_floors":[4],"current_hp_per_floor":[61,61,61,61,61,32,32,0],"gold":85,"neow_bonus":"THREE_ENEMY_KILL","is_prod":false,"is_daily":false,"chose_seed":false,"campfire_upgraded":1,"win_rate":0,"timestamp":1622790029,"path_taken":["M","?","?","$","?","E","R","E"],"build_version":"2020-12-18","purchased_purges":0,"victory":false,"max_hp_per_floor":[68,68,68,68,68,68,68,68],"relic_stats":{"counters":[5,21],"obtain_stats":[{"Lantern":6,"NeowsBlessing":0,"PureWater":0},{"Lantern":4,"NeowsBlessing":0,"PureWater":0},{"Lantern":15,"NeowsBlessing":0,"PureWater":0}]},"card_choices":[{"not_picked":["Crescendo","Collect"],"picked":"ThirdEye","floor":1},{"not_picked":["FollowUp","SashWhip"],"picked":"CrushJoints","floor":3},{"not_picked":["ThirdEye","Adaptation"],"picked":"FlurryOfBlows","floor":5},{"not_picked":["Perseverance","SignatureMove"],"picked":"Nirvana","floor":6}],"player_experience":3972508,"relics_obtained":[{"floor":6,"key":"Lantern"}],"event_choices":[{"damage_healed":0,"gold_gain":0,"player_choice":"Bought 2 Potions","damage_taken":0,"max_hp_gain":0,"max_hp_loss":0,"event_name":"The Woman in Blue","floor":2,"gold_loss":0}],"is_beta":true,"boss_relics":[],"items_purged_floors":[],"is_endless":false,"potions_floor_spawned":[5],"killed_by":"Lagavulin","ascension_level":20}