{"gold_per_floor":[15,15,35,35,0,0,33,47,47,72,72,15,29,43,43,121,121,138,151,170,170],"floor_reached":21,"playtime":1306,"items_purged":[],"score":382,"play_id":"d6248413-61c8-470b-a972-688988e934bb","local_time":"20210603132350","is_ascension_mode":true,"campfire_choices":[{"floor":6.0,"key":"REST"},{"data":"Conclude","floor":11.0,"key":"SMITH"},{"data":"Eruption","floor":15,"key":"SMITH"}],"neow_cost":"NO_GOLD","seed_source_timestamp":1162687002743600,"circlet_count":0,"master_deck":["AscendersBane","Strike_P","Strike_P","Strike_P","Strike_P","Defend_P","Defend_P","Defend_P","Defend_P","Eruption+1","Vigilance","CrushJoints+1","Conclude+1","Meditate","Study","Wireheading","Halt","Devotion","Perseverance+1","CutThroughFate+1"],"special_seed":0,"relics":["PureWater","Pocketwatch","Mummified Hand","Orichalcum","Du-Vu Doll","Cursed Key"],"potions_floor_usage":[16,21],"damage_taken":[{"damage":2.0,"enemies":"2 Louse","floor":1.0,"turns":4.0},{"damage":2.0,"enemies":"Jaw Worm","floor":3.0,"turns":3.0},{"damage":4.0,"enemies":"3 Sentries","floor":7.0,"turns":4.0},{"damage":0.0,"enemies":"Cultist","floor":8.0,"turns":1.0},{"damage":6.0,"enemies":"Gremlin Nob","floor":10.0,"turns":3.0},{"damage":10.0,"enemies":"Gremlin Gang","floor":13.0,"turns":2.0},{"damage":0,"enemies":"Looter","floor":14,"turns":1},{"damage":16,"enemies":"The Guardian","floor":16,"turns":12},{"damage":17,"enemies":"Spheric Guardian","floor":18,"turns":4},{"damage":14,"enemies":"Shell Parasite","floor":19,"turns":5},{"damage":9,"enemies":"3 Cultists","floor":20,"turns":3},{"damage":19,"enemies":"Snake Plant","floor":21,"turns":3}],"seed_played":"6952931336056314576","potions_obtained":[{"floor":1.0,"key":"BottledMiracle"},{"floor":3.0,"key":"CultistPotion"},{"floor":14,"key":"Weak Potion"},{"floor":20,"key":"Energy Potion"}],"is_trial":false,"path_per_floor":["M","?","M","?","?","R","E","M","T","E","R","$","M","M","R","B",null,"M","M","M","M"],"character_chosen":"WATCHER","items_purchased":["Dexterity Potion"],"campfire_rested":1,"item_purchase_floors":[12],"current_hp_per_floor":[59,59,57,12,29,49,45,45,45,39,39,39,29,29,29,13,54,37,23,14,0],"gold":170,"neow_bonus":"ONE_RARE_RELIC","is_prod":false,"is_daily":false,"chose_seed":false,"campfire_upgraded":2,"win_rate":0,"timestamp":1622751830,"path_taken":["M","?","M","?","?","R","E","M","T","E","R","?","M","?","R","BOSS","M","M","?","M"],"build_version":"2020-12-18","purchased_purges":0,"victory":false,"max_hp_per_floor":[68,68,68,68,68,68,68,68,68,68,68,68,68,68,68,68,68,68,68,68,68],"relic_stats":{"counters":[12,45],"Mummified Hand":[11],"Orichalcum":[18],"Cursed Key":0,"obtain_stats":[{"Du-Vu Doll":10,"Mummified Hand":4,"PureWater":0,"Orichalcum":7,"Cursed Key":17,"Pocketwatch":0},{"Du-Vu Doll":5,"Mummified Hand":2,"PureWater":0,"Orichalcum":3,"Cursed Key":8,"Pocketwatch":0},{"Du-Vu Doll":15,"Mummified Hand":7,"PureWater":0,"Orichalcum":11,"Cursed Key":30,"Pocketwatch":0}],"Pocketwatch":[43]},"card_choices":[{"not_picked":["SashWhip","FlyingSleeves"],"picked":"CrushJoints","floor":1.0},{"not_picked":["Evaluate","BowlingBash"],"picked":"Conclude","floor":3.0},{"not_picked":["Swivel","Protect","WaveOfTheHand"],"picked":"SKIP","floor":7.0},{"not_picked":["FlurryOfBlows","SignatureMove"],"picked":"Meditate","floor":8.0},{"not_picked":["Crescendo","BattleHymn"],"picked":"Study","floor":10.0},{"not_picked":["FlyingSleeves","FearNoEvil"],"picked":"Wireheading","floor":13.0},{"not_picked":["Sanctity","Meditate"],"picked":"Halt","floor":14},{"not_picked":["Brilliance","Ragnarok"],"picked":"Devotion","floor":16},{"not_picked":["FlyingSleeves","FlurryOfBlows"],"picked":"Perseverance+1","floor":18},{"not_picked":["CrushJoints","Collect","EmptyBody"],"picked":"SKIP","floor":19},{"not_picked":["SashWhip","FollowUp"],"picked":"CutThroughFate+1","floor":20}],"player_experience":3970414,"relics_obtained":[{"floor":7.0,"key":"Orichalcum"},{"floor":10.0,"key":"Du-Vu Doll"}],"event_choices":[{"damage_healed":0.0,"max_hp_gain":0.0,"max_hp_loss":0.0,"gold_gain":0.0,"event_name":"Living Wall","player_choice":"Grow","floor":2.0,"gold_loss":0.0,"damage_taken":0.0,"cards_upgraded":["CrushJoints"]},{"damage_healed":0.0,"max_hp_gain":0.0,"max_hp_loss":0.0,"gold_gain":0.0,"event_name":"Scrap Ooze","player_choice":"Success","floor":4.0,"gold_loss":0.0,"damage_taken":45.0,"relics_obtained":["Mummified Hand"]},{"damage_healed":17.0,"max_hp_gain":0.0,"max_hp_loss":0.0,"gold_gain":0.0,"event_name":"The Cleric","player_choice":"Healed","floor":5.0,"gold_loss":35.0,"damage_taken":0.0}],"is_beta":true,"boss_relics":[{"not_picked":["Fusion Hammer","Runic Dome"],"picked":"Cursed Key"}],"items_purged_floors":[],"is_endless":false,"potions_floor_spawned":[1,3,13,14,20],"killed_by":"Snake Plant","ascension_level":20}