{"gold_per_floor":[363,376,388,263,275,275,306,306,356,356,373,399,409,441,441,441],"floor_reached":16,"playtime":940,"items_purged":["Defend_P"],"score":294,"play_id":"c6813990-d59d-46f4-a122-326fa73ff926","local_time":"20211229231821","is_ascension_mode":true,"campfire_choices":[{"data":"Eruption","floor":6.0,"key":"SMITH"},{"data":"Adaptation","floor":8.0,"key":"SMITH"},{"data":"FlurryOfBlows","floor":10.0,"key":"SMITH"},{"floor":15.0,"key":"REST"}],"neow_cost":"TEN_PERCENT_HP_LOSS","seed_source_timestamp":0,"circlet_count":0,"master_deck":["AscendersBane","Strike_P","Strike_P","Strike_P","Strike_P","Defend_P","Defend_P","Defend_P","Eruption+1","Vigilance","Adaptation+1","FlurryOfBlows+1","Tantrum","Wish"],"special_seed":0,"relics":["PureWater","Pen Nib","Bag of Marbles","Regal Pillow"],"potions_floor_usage":[],"damage_taken":[{"damage":0.0,"enemies":"Cultist","floor":1.0,"turns":3.0},{"damage":1.0,"enemies":"Small Slimes","floor":2.0,"turns":5.0},{"damage":2.0,"enemies":"Jaw Worm","floor":3.0,"turns":4.0},{"damage":13.0,"enemies":"Large Slime","floor":5.0,"turns":6.0},{"damage":3.0,"enemies":"Gremlin Nob","floor":7.0,"turns":3.0},{"damage":0.0,"enemies":"Blue Slaver","floor":11.0,"turns":2.0},{"damage":19.0,"enemies":"3 Sentries","floor":12.0,"turns":8.0},{"damage":20.0,"enemies":"Exordium Thugs","floor":13.0,"turns":3.0},{"damage":0.0,"enemies":"Gremlin Nob","floor":14.0,"turns":2.0},{"damage":44,"enemies":"Hexaghost","floor":16,"turns":7}],"seed_played":"616729621614700360","potions_obtained":[{"floor":1.0,"key":"SkillPotion"},{"floor":2.0,"key":"StancePotion"},{"floor":12.0,"key":"FearPotion"},{"floor":13.0,"key":"BottledMiracle"}],"is_trial":false,"path_per_floor":["M","M","M","$","M","R","E","R","T","R","M","E","M","E","R","B"],"character_chosen":"WATCHER","items_purchased":["FlurryOfBlows"],"campfire_rested":1,"item_purchase_floors":[4],"current_hp_per_floor":[61,60,58,58,45,45,42,42,42,42,42,23,3,3,36,0],"gold":441,"neow_bonus":"TWO_FIFTY_GOLD","is_prod":false,"is_daily":false,"chose_seed":false,"campfire_upgraded":3,"win_rate":0,"timestamp":1640848701,"path_taken":["M","M","M","$","?","R","E","R","T","R","M","E","M","E","R","BOSS"],"build_version":"2020-12-18","purchased_purges":1,"victory":false,"max_hp_per_floor":[62,62,62,62,62,62,62,62,62,62,62,62,62,62,62,62],"relic_stats":{"Regal Pillow":15,"counters":[10,43],"Pen Nib":[4],"PureWater":[7],"obtain_stats":[{"Regal Pillow":14,"Pen Nib":9,"Bag of Marbles":12,"PureWater":0},{"Regal Pillow":9,"Pen Nib":5,"Bag of Marbles":7,"PureWater":0},{"Regal Pillow":36,"Pen Nib":21,"Bag of Marbles":31,"PureWater":0}]},"card_choices":[{"not_picked":["Weave","JustLucky","Prostrate"],"picked":"SKIP","floor":1.0},{"not_picked":["ClearTheMind","Vengeance"],"picked":"Adaptation","floor":2.0},{"not_picked":["ThirdEye","WreathOfFlame","Adaptation"],"picked":"SKIP","floor":3.0},{"not_picked":["DevaForm","Swivel"],"picked":"Tantrum","floor":5.0},{"not_picked":["PathToVictory","Prostrate"],"picked":"Wish","floor":7.0},{"not_picked":["ClearTheMind","Halt","ThirdEye"],"picked":"SKIP","floor":11.0},{"not_picked":["JustLucky","FlurryOfBlows","Weave"],"picked":"SKIP","floor":12.0},{"not_picked":["Crescendo","FlurryOfBlows","Perseverance"],"picked":"SKIP","floor":13.0},{"not_picked":["WreathOfFlame","Crescendo","Protect"],"picked":"SKIP","floor":14.0}],"player_experience":4051824,"relics_obtained":[{"floor":9.0,"key":"Pen Nib"},{"floor":12.0,"key":"Bag of Marbles"},{"floor":14.0,"key":"Regal Pillow"}],"event_choices":[],"is_beta":true,"boss_relics":[],"items_purged_floors":[4],"is_endless":false,"potions_floor_spawned":[1,2,12,13],"killed_by":"Hexaghost","ascension_level":20}