{"gold_per_floor":[109,109,119,134,150,150,181,181,181,192,224,235,262,187,187,264,264,279,279,279,299,115,142,142,142,142,154,154,154,154,182,182,254,254,269,269,144,144,154,189,189,214,214,247,266,283,337,370,370,370,370,370,370,41,75,75],"floor_reached":57,"playtime":3288,"items_purged":["Strike_P","ForeignInfluence","CrushJoints"],"score":3477,"play_id":"9476bb8c-969e-4a3a-a43f-b8034c73e3cd","local_time":"20211230174844","is_ascension_mode":true,"campfire_choices":[{"data":"Wallop","floor":6.0,"key":"SMITH"},{"data":"EmptyFist","floor":8.0,"key":"SMITH"},{"data":"1","floor":15.0,"key":"LIFT"},{"data":"2","floor":24.0,"key":"LIFT"},{"data":"3","floor":28.0,"key":"LIFT"},{"data":"Ghostly","floor":32.0,"key":"SMITH"},{"floor":41.0,"key":"RECALL"},{"floor":49.0,"key":"REST"},{"data":"Ghostly","floor":53.0,"key":"SMITH"}],"neow_cost":"NONE","seed_source_timestamp":539743853883500,"circlet_count":0,"master_deck":["AscendersBane","Eruption+1","Vigilance","FearNoEvil","Wallop+1","FlurryOfBlows","EmptyFist+1","MentalFortress","Scrawl","ClearTheMind","DeusExMachina","Meditate","InnerPeace","Ghostly+1","Ghostly+1","Tantrum+1","FlurryOfBlows+1","MentalFortress+1","Madness","Madness","TalkToTheHand","CutThroughFate+1","Omniscience+1","Omniscience+1"],"special_seed":0,"relics":["PureWater","Bag of Marbles","Pen Nib","Ornamental Fan","Girya","Pandora\u0027s Box","Orichalcum","Shuriken","Bottled Lightning","Centennial Puzzle","SlaversCollar","Thread and Needle","Ice Cream","Toxic Egg 2","Gambling Chip","Whetstone","Mango","InkBottle"],"potions_floor_usage":[56],"damage_taken":[{"damage":4.0,"enemies":"Jaw Worm","floor":1.0,"turns":5.0},{"damage":0.0,"enemies":"Cultist","floor":3.0,"turns":3.0},{"damage":0.0,"enemies":"2 Louse","floor":4.0,"turns":2.0},{"damage":0.0,"enemies":"Large Slime","floor":5.0,"turns":2.0},{"damage":10.0,"enemies":"Lagavulin","floor":7.0,"turns":7.0},{"damage":0.0,"enemies":"Looter","floor":10.0,"turns":1.0},{"damage":8.0,"enemies":"Gremlin Nob","floor":11.0,"turns":3.0},{"damage":0.0,"enemies":"2 Fungi Beasts","floor":12.0,"turns":1.0},{"damage":3.0,"enemies":"Lagavulin","floor":13.0,"turns":5.0},{"damage":18.0,"enemies":"The Guardian","floor":16.0,"turns":10.0},{"damage":0.0,"enemies":"3 Byrds","floor":18.0,"turns":3.0},{"damage":0.0,"enemies":"Shell Parasite","floor":21.0,"turns":2.0},{"damage":2.0,"enemies":"Slavers","floor":23.0,"turns":4.0},{"damage":0.0,"enemies":"Snake Plant","floor":27.0,"turns":2.0},{"damage":0.0,"enemies":"Gremlin Leader","floor":31.0,"turns":1.0},{"damage":0.0,"enemies":"Automaton","floor":33.0,"turns":4.0},{"damage":0.0,"enemies":"3 Shapes","floor":35.0,"turns":1.0},{"damage":0.0,"enemies":"3 Darklings","floor":39.0,"turns":2.0},{"damage":0.0,"enemies":"Reptomancer","floor":40.0,"turns":3.0},{"damage":0.0,"enemies":"Giant Head","floor":42.0,"turns":1.0},{"damage":9.0,"enemies":"Reptomancer","floor":44.0,"turns":4.0},{"damage":2.0,"enemies":"Maw","floor":45.0,"turns":4.0},{"damage":9.0,"enemies":"Spire Growth","floor":46.0,"turns":3.0},{"damage":0.0,"enemies":"2 Orb Walkers","floor":47.0,"turns":1.0},{"damage":0.0,"enemies":"Nemesis","floor":48.0,"turns":3.0},{"damage":0.0,"enemies":"Time Eater","floor":50.0,"turns":5.0},{"damage":0.0,"enemies":"Donu and Deca","floor":51.0,"turns":4.0},{"damage":0.0,"enemies":"Shield and Spear","floor":55.0,"turns":3.0},{"damage":33,"enemies":"The Heart","floor":56,"turns":7}],"seed_played":"-355367427866937788","potions_obtained":[{"floor":1.0,"key":"GamblersBrew"},{"floor":5.0,"key":"SkillPotion"},{"floor":13.0,"key":"Energy Potion"},{"floor":16.0,"key":"EssenceOfSteel"},{"floor":21.0,"key":"Ambrosia"},{"floor":39.0,"key":"Fruit Juice"},{"floor":45.0,"key":"BottledMiracle"},{"floor":46.0,"key":"SpeedPotion"},{"floor":48.0,"key":"EssenceOfSteel"}],"is_trial":false,"path_per_floor":["M","?","M","M","M","R","E","R","T","M","E","M","E","$","R","B",null,"M","?","?","M","$","E","R","?","T","M","R","T","?","E","R","B",null,"M","?","$","?","M","E","R","E","T","E","M","M","?","E","R","B","B",null,"R","$","E","B",null],"character_chosen":"WATCHER","items_purchased":["Tantrum","Mango"],"campfire_rested":1,"item_purchase_floors":[22,54],"current_hp_per_floor":[57,57,57,57,57,57,47,47,47,47,39,39,36,36,36,18,56,56,56,34,34,34,32,32,32,32,32,32,32,32,32,32,32,34,34,28,28,28,33,33,33,33,33,24,22,13,13,13,24,24,24,35,35,49,49,16],"gold":75,"neow_bonus":"UPGRADE_CARD","is_prod":false,"is_daily":false,"chose_seed":false,"campfire_upgraded":4,"win_rate":0,"timestamp":1640915324,"path_taken":["M","?","M","M","M","R","E","R","T","M","E","M","E","$","R","BOSS","M","?","?","M","$","E","R","?","T","M","R","?","?","E","R","BOSS","M","?","$","?","M","E","R","E","T","E","?","M","?","E","R","BOSS","BOSS","R","$","E","BOSS"],"build_version":"2020-12-18","purchased_purges":3,"victory":true,"max_hp_per_floor":[68,68,68,68,68,68,68,68,68,68,68,68,68,68,68,68,68,68,68,34,34,34,34,34,34,34,34,34,34,34,34,34,34,34,34,34,34,34,39,39,39,39,39,39,39,39,39,39,39,39,39,39,39,53,53,53],"relic_stats":{"Ice Cream":[71],"Girya":3,"counters":[29,96],"Pen Nib":[31],"Whetstone":["FlurryOfBlows","Tantrum"],"Orichalcum":[6],"Centennial Puzzle":[13],"Ornamental Fan":[312],"Shuriken":[64],"Gambling Chip":[8],"Pandora\u0027s Box":["ClearTheMind","DeusExMachina","Meditate","ForeignInfluence","CrushJoints","InnerPeace"],"Bottled Lightning":"Scrawl","PureWater":[24],"obtain_stats":[{"Ice Cream":42,"Girya":13,"Thread and Needle":40,"Mango":54,"Pen Nib":9,"Whetstone":48,"Orichalcum":23,"SlaversCollar":34,"Centennial Puzzle":31,"Ornamental Fan":11,"Shuriken":26,"Gambling Chip":47,"Pandora\u0027s Box":17,"Bag of Marbles":7,"Bottled Lightning":29,"PureWater":0,"Toxic Egg 2":44,"InkBottle":55},{"Ice Cream":20,"Girya":9,"Thread and Needle":19,"Mango":27,"Pen Nib":5,"Whetstone":25,"Orichalcum":13,"SlaversCollar":16,"Centennial Puzzle":15,"Ornamental Fan":7,"Shuriken":13,"Gambling Chip":24,"Pandora\u0027s Box":10,"Bag of Marbles":5,"Bottled Lightning":14,"PureWater":0,"Toxic Egg 2":21,"InkBottle":28},{"Ice Cream":62,"Girya":29,"Thread and Needle":61,"Mango":86,"Pen Nib":19,"Whetstone":77,"Orichalcum":48,"SlaversCollar":55,"Centennial Puzzle":51,"Ornamental Fan":23,"Shuriken":48,"Gambling Chip":74,"Pandora\u0027s Box":39,"Bag of Marbles":19,"Bottled Lightning":50,"PureWater":0,"Toxic Egg 2":66,"InkBottle":89}],"InkBottle":[5]},"card_choices":[{"not_picked":["EmptyFist","CrushJoints"],"picked":"FearNoEvil","floor":1.0},{"not_picked":["DeceiveReality","JustLucky"],"picked":"Wallop","floor":3.0},{"not_picked":["Crescendo","FlyingSleeves"],"picked":"FlurryOfBlows","floor":4.0},{"not_picked":["ClearTheMind","FlyingSleeves","SashWhip"],"picked":"SKIP","floor":5.0},{"not_picked":["CrushJoints","JustLucky"],"picked":"EmptyFist","floor":7.0},{"not_picked":["Vengeance","LikeWater","Worship"],"picked":"SKIP","floor":10.0},{"not_picked":["Establishment","Evaluate"],"picked":"MentalFortress","floor":11.0},{"not_picked":["Halt","ThirdEye","CutThroughFate"],"picked":"SKIP","floor":12.0},{"not_picked":["CutThroughFate","CrushJoints","Consecrate"],"picked":"SKIP","floor":13.0},{"not_picked":["ConjureBlade","Ragnarok"],"picked":"Scrawl","floor":16.0},{"not_picked":["FearNoEvil","BattleHymn","CutThroughFate"],"picked":"SKIP","floor":18.0},{"not_picked":["SashWhip","Swivel","CrushJoints"],"picked":"SKIP","floor":21.0},{"not_picked":["EmptyBody","Wallop","FlyingSleeves+1"],"picked":"SKIP","floor":23.0},{"not_picked":["Sanctity","Study","Consecrate"],"picked":"SKIP","floor":27.0},{"not_picked":["Protect","LikeWater","Wish"],"picked":"SKIP","floor":31.0},{"not_picked":["LikeWater","Evaluate+1"],"picked":"MentalFortress+1","floor":35.0},{"not_picked":["EmptyBody+1","DeceiveReality","Pray"],"picked":"SKIP","floor":39.0},{"not_picked":["PathToVictory","Wireheading","Consecrate"],"picked":"SKIP","floor":40.0},{"not_picked":["ConjureBlade","Crescendo+1"],"picked":"TalkToTheHand","floor":42.0},{"not_picked":["BattleHymn","Halt+1"],"picked":"CutThroughFate+1","floor":44.0},{"not_picked":["Fasting2","Vengeance+1","Prostrate+1"],"picked":"SKIP","floor":45.0},{"not_picked":["JustLucky","FlyingSleeves","EmptyBody+1"],"picked":"SKIP","floor":46.0},{"not_picked":["JustLucky+1","EmptyBody+1"],"picked":"Omniscience+1","floor":48.0},{"not_picked":["SashWhip","Protect+1"],"picked":"Omniscience+1","floor":55.0}],"player_experience":4058701,"relics_obtained":[{"floor":7.0,"key":"Bag of Marbles"},{"floor":9.0,"key":"Pen Nib"},{"floor":11.0,"key":"Ornamental Fan"},{"floor":13.0,"key":"Girya"},{"floor":23.0,"key":"Orichalcum"},{"floor":26.0,"key":"Shuriken"},{"floor":29.0,"key":"Bottled Lightning"},{"floor":31.0,"key":"Centennial Puzzle"},{"floor":40.0,"key":"Thread and Needle"},{"floor":42.0,"key":"Ice Cream"},{"floor":44.0,"key":"Toxic Egg 2"},{"floor":47.0,"key":"Gambling Chip"},{"floor":48.0,"key":"Whetstone"},{"floor":55.0,"key":"InkBottle"}],"event_choices":[{"cards_removed":["Defend_P"],"damage_healed":0.0,"max_hp_gain":0.0,"max_hp_loss":0.0,"gold_gain":0.0,"event_name":"Bonfire Elementals","player_choice":"Offered Basic","floor":2.0,"gold_loss":0.0,"damage_taken":0.0},{"damage_healed":0.0,"max_hp_gain":0.0,"max_hp_loss":0.0,"gold_gain":0.0,"event_name":"Vampires","player_choice":"Ignored","floor":19.0,"gold_loss":0.0,"damage_taken":0.0},{"damage_healed":0.0,"max_hp_gain":0.0,"max_hp_loss":34.0,"gold_gain":0.0,"event_name":"Ghosts","player_choice":"Became a Ghost","floor":20.0,"gold_loss":0.0,"damage_taken":0.0,"cards_obtained":["Ghostly","Ghostly","Ghostly"]},{"damage_healed":0.0,"max_hp_gain":0.0,"max_hp_loss":0.0,"gold_gain":0.0,"event_name":"The Mausoleum","player_choice":"Ignored","floor":25.0,"gold_loss":0.0,"damage_taken":0.0},{"damage_healed":0.0,"max_hp_gain":0.0,"max_hp_loss":0.0,"gold_gain":0.0,"event_name":"The Library","player_choice":"Read","floor":30.0,"gold_loss":0.0,"damage_taken":0.0,"cards_obtained":["FlurryOfBlows"]},{"damage_healed":0.0,"max_hp_gain":0.0,"max_hp_loss":0.0,"gold_gain":0.0,"event_name":"Winding Halls","player_choice":"Embrace Madness","floor":36.0,"gold_loss":0.0,"damage_taken":6.0,"cards_obtained":["Madness","Madness"]},{"cards_removed":["Ghostly"],"damage_healed":0.0,"max_hp_gain":0.0,"max_hp_loss":0.0,"gold_gain":0.0,"event_name":"Falling","player_choice":"Removed Skill","floor":38.0,"gold_loss":0.0,"damage_taken":0.0},{"damage_healed":0.0,"max_hp_gain":0.0,"max_hp_loss":0.0,"gold_gain":0.0,"event_name":"Mysterious Sphere","player_choice":"Fight","floor":47.0,"gold_loss":0.0,"damage_taken":0.0}],"is_beta":true,"boss_relics":[{"not_picked":["Runic Dome","HolyWater"],"picked":"Pandora\u0027s Box"},{"not_picked":["Sozu","Tiny House"],"picked":"SlaversCollar"}],"items_purged_floors":[14,22,37],"is_endless":false,"potions_floor_spawned":[1,5,13,16,21,33,39,45,46,48],"ascension_level":20}