{"gold_per_floor":[118,129,129,42,52,52,82,139,139,168,188,188,263,278,278,353,353,367,292,310,310,72,97,109,134,157,187,199,216,248,148,148,225,225,239,239,239,253,128,128,144,173,200,210,236,254,274,299,299,299,299,299,299,128,155,155],"floor_reached":57,"playtime":4781,"items_purged":["Defend_P","Strike_P+1","Strike_P+1"],"score":3984,"play_id":"c646b58b-2ce2-4c65-9154-84c0a5690b34","local_time":"20211230104713","is_ascension_mode":true,"campfire_choices":[{"data":"Eruption","floor":6.0,"key":"SMITH"},{"data":"Meditate","floor":12.0,"key":"SMITH"},{"data":"Tantrum","floor":15.0,"key":"SMITH"},{"floor":32,"key":"REST"},{"floor":40,"key":"RECALL"},{"floor":49,"key":"REST"},{"floor":53,"key":"REST"}],"neow_cost":"NONE","seed_source_timestamp":0,"circlet_count":0,"master_deck":["AscendersBane","Eruption+1","Vigilance+1","InnerPeace+1","Meditate+1","CarveReality+1","TalkToTheHand+1","Tantrum+1","TalkToTheHand+1","FlurryOfBlows+1","EmptyMind+1","LessonLearned+1","FlurryOfBlows+1","MentalFortress+1","CutThroughFate+1","Vault+1"],"special_seed":0,"relics":["PureWater","Gremlin Horn","Nunchaku","Whetstone","Odd Mushroom","SlaversCollar","Lee\u0027s Waffle","Dream Catcher","Ancient Tea Set","Regal Pillow","Ornamental Fan","GoldenEye","Fusion Hammer","CeramicFish","Toy Ornithopter","InkBottle","Pen Nib"],"potions_floor_usage":[25,27,50,51,56],"damage_taken":[{"damage":4.0,"enemies":"Small Slimes","floor":1.0,"turns":4.0},{"damage":14.0,"enemies":"2 Louse","floor":2.0,"turns":4.0},{"damage":7.0,"enemies":"Jaw Worm","floor":5.0,"turns":3.0},{"damage":0.0,"enemies":"Gremlin Nob","floor":7.0,"turns":2.0},{"damage":10.0,"enemies":"3 Sentries","floor":8.0,"turns":3.0},{"damage":0.0,"enemies":"The Mushroom Lair","floor":10.0,"turns":2.0},{"damage":0.0,"enemies":"Blue Slaver","floor":11.0,"turns":2.0},{"damage":0.0,"enemies":"Lots of Slimes","floor":14.0,"turns":1.0},{"damage":0.0,"enemies":"Slime Boss","floor":16.0,"turns":4.0},{"damage":17,"enemies":"2 Thieves","floor":18,"turns":3},{"damage":14,"enemies":"Shell Parasite","floor":20,"turns":4},{"damage":0,"enemies":"Gremlin Leader","floor":23,"turns":4},{"damage":17,"enemies":"Snake Plant","floor":24,"turns":4},{"damage":9,"enemies":"Slavers","floor":25,"turns":5},{"damage":0,"enemies":"Book of Stabbing","floor":27,"turns":2},{"damage":0,"enemies":"Cultist and Chosen","floor":28,"turns":3},{"damage":23,"enemies":"Shelled Parasite and Fungi","floor":29,"turns":3},{"damage":0,"enemies":"Gremlin Leader","floor":30,"turns":4},{"damage":0,"enemies":"Automaton","floor":33,"turns":4},{"damage":2,"enemies":"3 Shapes","floor":35,"turns":5},{"damage":0,"enemies":"Orb Walker","floor":38,"turns":3},{"damage":0,"enemies":"Jaw Worm Horde","floor":41,"turns":2},{"damage":11,"enemies":"Reptomancer","floor":42,"turns":4},{"damage":0,"enemies":"Sphere and 2 Shapes","floor":44,"turns":4},{"damage":0,"enemies":"Spire Growth","floor":46,"turns":3},{"damage":5,"enemies":"Writhing Mass","floor":47,"turns":8},{"damage":0,"enemies":"Giant Head","floor":48,"turns":4},{"damage":0,"enemies":"Time Eater","floor":50,"turns":8},{"damage":3,"enemies":"Awakened One","floor":51,"turns":7},{"damage":8,"enemies":"Shield and Spear","floor":55,"turns":4},{"damage":4,"enemies":"The Heart","floor":56,"turns":7}],"seed_played":"1252046724037202016","potions_obtained":[{"floor":1.0,"key":"CultistPotion"},{"floor":2.0,"key":"GamblersBrew"},{"floor":8.0,"key":"SteroidPotion"},{"floor":10.0,"key":"GamblersBrew"},{"floor":25,"key":"Strength Potion"},{"floor":27,"key":"Energy Potion"},{"floor":33,"key":"Block Potion"},{"floor":41,"key":"PowerPotion"}],"is_trial":false,"path_per_floor":["M","M","?","$","M","R","E","?","T","?","M","R","?","M","R","B",null,"M","?","M","?","$","E","M","E","T","E","M","M","E","$","R","B",null,"M","?","?","M","$","R","M","E","T","M","T","M","M","E","R","B","B",null,"R","$","E","B",null],"character_chosen":"WATCHER","items_purchased":["CarveReality","Lee\u0027s Waffle","PowerPotion","FairyPotion"],"campfire_rested":3,"item_purchase_floors":[4,22,54,54],"current_hp_per_floor":[57,43,43,43,36,36,36,26,26,26,26,26,15,15,15,15,55,38,38,24,24,75,75,58,49,49,49,49,26,26,26,63,63,72,70,70,70,70,70,70,70,59,59,59,59,59,54,54,75,75,72,74,75,75,67,68],"gold":155,"neow_bonus":"REMOVE_CARD","is_prod":false,"is_daily":false,"chose_seed":false,"campfire_upgraded":3,"win_rate":0,"timestamp":1640890033,"path_taken":["M","M","?","$","M","R","E","?","T","?","M","R","?","M","R","BOSS","M","?","M","?","$","E","M","E","T","E","?","M","E","$","R","BOSS","M","?","?","M","$","R","?","E","T","M","?","M","M","E","R","BOSS","BOSS","R","$","E","BOSS"],"build_version":"2020-12-18","purchased_purges":3,"victory":true,"max_hp_per_floor":[68,68,68,68,68,68,68,68,68,68,68,68,68,68,68,68,68,68,68,68,68,75,75,75,75,75,75,75,75,75,75,75,75,75,75,75,75,75,75,75,75,75,75,75,75,75,75,75,75,75,75,75,75,75,75,75],"relic_stats":{"Lee\u0027s Waffle":51,"Regal Pillow":15,"Gremlin Horn":[38,38],"counters":[31,120],"CeramicFish":0,"Pen Nib":[7],"Whetstone":["Strike_P","TalkToTheHand"],"Ancient Tea Set":[8],"GoldenEye":[35],"Nunchaku":[61],"Dream Catcher":3,"Ornamental Fan":[512],"PureWater":[18],"obtain_stats":[{"Lee\u0027s Waffle":22,"Regal Pillow":26,"Gremlin Horn":7,"CeramicFish":42,"Pen Nib":55,"Whetstone":9,"Odd Mushroom":10,"Ancient Tea Set":25,"GoldenEye":30,"SlaversCollar":17,"Nunchaku":8,"Dream Catcher":23,"Ornamental Fan":27,"Fusion Hammer":34,"PureWater":0,"Toy Ornithopter":45,"InkBottle":48},{"Lee\u0027s Waffle":11,"Regal Pillow":14,"Gremlin Horn":4,"CeramicFish":23,"Pen Nib":30,"Whetstone":5,"Odd Mushroom":6,"Ancient Tea Set":14,"GoldenEye":18,"SlaversCollar":9,"Nunchaku":4,"Dream Catcher":12,"Ornamental Fan":15,"Fusion Hammer":19,"PureWater":0,"Toy Ornithopter":24,"InkBottle":27},{"Lee\u0027s Waffle":32,"Regal Pillow":45,"Gremlin Horn":13,"CeramicFish":75,"Pen Nib":113,"Whetstone":16,"Odd Mushroom":18,"Ancient Tea Set":45,"GoldenEye":57,"SlaversCollar":25,"Nunchaku":13,"Dream Catcher":36,"Ornamental Fan":47,"Fusion Hammer":61,"PureWater":0,"Toy Ornithopter":79,"InkBottle":94}],"Toy Ornithopter":5,"InkBottle":[25]},"card_choices":[{"not_picked":["Prostrate","WreathOfFlame"],"picked":"InnerPeace","floor":1.0},{"not_picked":["PathToVictory","ForeignInfluence"],"picked":"Meditate","floor":2.0},{"not_picked":["BattleHymn","EmptyBody"],"picked":"TalkToTheHand","floor":5.0},{"not_picked":["CarveReality","WreathOfFlame"],"picked":"Tantrum","floor":7.0},{"not_picked":["SashWhip","Protect"],"picked":"TalkToTheHand","floor":8.0},{"not_picked":["ClearTheMind","Meditate"],"picked":"FlurryOfBlows","floor":10.0},{"not_picked":["Pray","EmptyFist","Study"],"picked":"SKIP","floor":11.0},{"not_picked":["ReachHeaven","LikeWater"],"picked":"EmptyMind","floor":14.0},{"not_picked":["Blasphemy","MasterReality"],"picked":"LessonLearned","floor":16.0},{"not_picked":["WheelKick+1","Collect+1","BattleHymn"],"picked":"SKIP","floor":18},{"not_picked":["PathToVictory","Protect","ThirdEye"],"picked":"SKIP","floor":20},{"not_picked":["ClearTheMind","SashWhip","Nirvana"],"picked":"SKIP","floor":23},{"not_picked":["EmptyBody","ClearTheMind+1","EmptyFist"],"picked":"SKIP","floor":24},{"not_picked":["SashWhip","Consecrate+1","CarveReality"],"picked":"SKIP","floor":25},{"not_picked":["Consecrate","DeusExMachina","Weave"],"picked":"SKIP","floor":27},{"not_picked":["BattleHymn","FlyingSleeves","CrushJoints"],"picked":"SKIP","floor":28},{"not_picked":["ForeignInfluence+1","FlurryOfBlows"],"picked":"MentalFortress","floor":29},{"not_picked":["Collect","PathToVictory","Vengeance+1"],"picked":"SKIP","floor":30},{"not_picked":["CrushJoints","Swivel"],"picked":"CutThroughFate","floor":32},{"not_picked":["Alpha","Ragnarok"],"picked":"Vault","floor":33},{"not_picked":["Fasting2+1","SandsOfTime+1","Evaluate"],"picked":"SKIP","floor":35},{"not_picked":["BattleHymn","Consecrate","BowlingBash"],"picked":"SKIP","floor":38},{"not_picked":["CutThroughFate+1","ClearTheMind","FlyingSleeves+1"],"picked":"SKIP","floor":41},{"not_picked":["LessonLearned","ConjureBlade","SashWhip"],"picked":"SKIP","floor":42},{"not_picked":["PathToVictory","Pray","Halt"],"picked":"SKIP","floor":44},{"not_picked":["Crescendo","FollowUp+1","ThirdEye"],"picked":"SKIP","floor":46},{"not_picked":["WreathOfFlame","LikeWater","Tantrum"],"picked":"SKIP","floor":47},{"not_picked":["CutThroughFate","Pray","SandsOfTime"],"picked":"SKIP","floor":48},{"not_picked":["CrushJoints","Vengeance","Conclude"],"picked":"SKIP","floor":55}],"player_experience":4053920,"relics_obtained":[{"floor":7.0,"key":"Gremlin Horn"},{"floor":9.0,"key":"Whetstone"},{"floor":10.0,"key":"Odd Mushroom"},{"floor":23,"key":"Dream Catcher"},{"floor":25,"key":"Ancient Tea Set"},{"floor":26,"key":"Regal Pillow"},{"floor":27,"key":"Ornamental Fan"},{"floor":30,"key":"GoldenEye"},{"floor":42,"key":"CeramicFish"},{"floor":45,"key":"Toy Ornithopter"},{"floor":48,"key":"InkBottle"},{"floor":55,"key":"Pen Nib"}],"event_choices":[{"damage_healed":0.0,"max_hp_gain":0.0,"max_hp_loss":0.0,"gold_gain":0.0,"event_name":"Liars Game","player_choice":"Ignored","floor":3.0,"gold_loss":0.0,"damage_taken":0.0},{"damage_healed":0.0,"max_hp_gain":0.0,"max_hp_loss":0.0,"gold_gain":0.0,"event_name":"Dead Adventurer","player_choice":"Searched \u00272\u0027 times","floor":8.0,"gold_loss":0.0,"damage_taken":0.0,"relics_obtained":["Nunchaku"]},{"damage_healed":0.0,"max_hp_gain":0.0,"max_hp_loss":0.0,"gold_gain":0.0,"event_name":"Mushrooms","player_choice":"Fought Mushrooms","floor":10.0,"gold_loss":0.0,"damage_taken":0.0},{"damage_healed":0.0,"max_hp_gain":0.0,"max_hp_loss":0.0,"gold_gain":75.0,"event_name":"World of Goop","player_choice":"Gather Gold","floor":13.0,"gold_loss":0.0,"damage_taken":11.0},{"cards_removed":["Strike_P"],"damage_healed":0,"gold_gain":0,"player_choice":"Gave Gold","damage_taken":0,"max_hp_gain":0,"max_hp_loss":0,"event_name":"Beggar","floor":19,"gold_loss":75},{"damage_healed":0,"gold_gain":0,"cards_transformed":["Defend_P"],"player_choice":"Transformed","damage_taken":0,"max_hp_gain":0,"max_hp_loss":0,"event_name":"Transmorgrifier","floor":21,"gold_loss":0,"cards_obtained":["FlurryOfBlows"]},{"cards_removed":["Defend_P"],"damage_healed":0,"gold_gain":0,"player_choice":"Removed Skill","damage_taken":0,"max_hp_gain":0,"max_hp_loss":0,"event_name":"Falling","floor":36,"gold_loss":0},{"cards_removed":["Strike_P"],"damage_healed":0,"gold_gain":0,"player_choice":"Offered Basic","damage_taken":0,"max_hp_gain":0,"max_hp_loss":0,"event_name":"Bonfire Elementals","floor":37,"gold_loss":0}],"is_beta":true,"boss_relics":[{"not_picked":["Tiny House","Snecko Eye"],"picked":"SlaversCollar"},{"not_picked":["Velvet Choker","Calling Bell"],"picked":"Fusion Hammer"}],"items_purged_floors":[22,31,39],"is_endless":false,"potions_floor_spawned":[1,2,5,8,10,16,23,25,27,30,33,38,41,44,46],"ascension_level":20}