{"gold_per_floor":[111,111,121,46,62,62,62,76,76,118,142,142,174,99,99,173,173,233,249,249,276,95,95,107,124,124,43,88,122,133,160,160,234,234,278,278,121,121,121],"floor_reached":39,"playtime":2431,"items_purged":["FlyingSleeves","MasterReality"],"score":838,"play_id":"3a6a0a47-be4f-4748-adb9-46a5b13c3f26","local_time":"20211224225216","is_ascension_mode":true,"campfire_choices":[{"data":"SashWhip","floor":7.0,"key":"SMITH"},{"data":"Wish","floor":12.0,"key":"SMITH"},{"data":"Eruption","floor":15.0,"key":"SMITH"},{"floor":23.0,"key":"REST"},{"floor":32.0,"key":"REST"}],"neow_cost":"NONE","seed_source_timestamp":0,"circlet_count":0,"master_deck":["AscendersBane","Eruption+1","Vigilance+1","SashWhip+1","Ragnarok+1","InnerPeace+1","DeceiveReality+1","MentalFortress+1","Wish+1","CutThroughFate+1","EmptyFist+1","LessonLearned+1","ForeignInfluence+1","Conclude+1","CrushJoints+1","CutThroughFate+1","TalkToTheHand+1","FlurryOfBlows+1","Tantrum+1","Omniscience","Collect","ClearTheMind+1","FollowUp+1","FollowUp+1","Bandage Up","Flash of Steel+1"],"special_seed":0,"relics":["Pandora\u0027s Box","Molten Egg 2","Bronze Scales","Kunai","Runic Pyramid","Blood Vial","Mercury Hourglass","Vajra","Juzu Bracelet","SlaversCollar","Orrery"],"potions_floor_usage":[39],"damage_taken":[{"damage":4.0,"enemies":"Cultist","floor":1.0,"turns":3.0},{"damage":0.0,"enemies":"2 Louse","floor":3.0,"turns":2.0},{"damage":0.0,"enemies":"Small Slimes","floor":5.0,"turns":3.0},{"damage":0.0,"enemies":"Exordium Thugs","floor":8.0,"turns":1.0},{"damage":16.0,"enemies":"Exordium Wildlife","floor":10.0,"turns":3.0},{"damage":19.0,"enemies":"Gremlin Nob","floor":13.0,"turns":4.0},{"damage":4.0,"enemies":"Hexaghost","floor":16.0,"turns":6.0},{"damage":18.0,"enemies":"2 Thieves","floor":18.0,"turns":4.0},{"damage":9.0,"enemies":"Shell Parasite","floor":19.0,"turns":2.0},{"damage":0.0,"enemies":"Snecko","floor":24.0,"turns":2.0},{"damage":25.0,"enemies":"Shelled Parasite and Fungi","floor":25.0,"turns":4.0},{"damage":1.0,"enemies":"Centurion and Healer","floor":28.0,"turns":5.0},{"damage":9.0,"enemies":"Book of Stabbing","floor":29.0,"turns":4.0},{"damage":1.0,"enemies":"Chosen and Byrds","floor":30.0,"turns":3.0},{"damage":14.0,"enemies":"Slavers","floor":31.0,"turns":2.0},{"damage":24.0,"enemies":"Champ","floor":33.0,"turns":8.0},{"damage":10,"enemies":"Orb Walker","floor":35,"turns":4}],"seed_played":"-2175607735408219668","potions_obtained":[{"floor":1.0,"key":"StancePotion"},{"floor":3.0,"key":"Fire Potion"},{"floor":16.0,"key":"ColorlessPotion"},{"floor":24.0,"key":"StancePotion"},{"floor":25.0,"key":"ColorlessPotion"},{"floor":33.0,"key":"Explosive Potion"},{"floor":35,"key":"Regen Potion"}],"is_trial":false,"path_per_floor":["M","?","M","$","M","?","R","M","T","M","T","R","E","?","R","B",null,"M","M","?","T","$","R","M","M","T","$","M","E","M","E","R","B",null,"M","?","$","?","M"],"character_chosen":"WATCHER","items_purchased":["CrushJoints+1","CutThroughFate+1","TalkToTheHand+1","Orrery"],"campfire_rested":2,"item_purchase_floors":[22,22,27,37],"current_hp_per_floor":[57,50,50,50,50,50,50,50,50,34,34,34,15,15,15,11,54,36,27,27,27,27,47,49,26,26,26,27,20,21,9,29,7,53,45,45,45,35,0],"gold":121,"neow_bonus":"BOSS_RELIC","is_prod":false,"is_daily":false,"chose_seed":false,"campfire_upgraded":3,"win_rate":0,"timestamp":1640415136,"path_taken":["M","?","M","$","M","?","R","M","T","?","?","R","E","?","R","BOSS","M","M","?","?","?","R","M","M","T","$","M","E","?","E","R","BOSS","M","?","$","?","M"],"build_version":"2020-12-18","purchased_purges":2,"victory":false,"max_hp_per_floor":[68,68,68,68,68,68,68,68,68,68,68,68,68,68,68,68,68,68,68,68,68,68,68,68,68,68,68,68,68,68,68,68,68,68,68,68,68,68,68],"relic_stats":{"Blood Vial":18,"counters":[18,64],"Bronze Scales":[131],"Pandora\u0027s Box":["ClearTheMind","SashWhip","MasterReality","FlyingSleeves","Collect","Consecrate","Ragnarok","InnerPeace"],"Juzu Bracelet":1,"Kunai":[21],"obtain_stats":[{"Blood Vial":21,"SlaversCollar":34,"Bronze Scales":11,"Vajra":29,"Orrery":37,"Pandora\u0027s Box":0,"Molten Egg 2":9,"Juzu Bracelet":31,"Kunai":13,"PureWater":0,"Runic Pyramid":17,"Mercury Hourglass":26},{"Blood Vial":9,"SlaversCollar":16,"Bronze Scales":5,"Vajra":13,"Orrery":17,"Pandora\u0027s Box":0,"Molten Egg 2":4,"Juzu Bracelet":15,"Kunai":6,"PureWater":0,"Runic Pyramid":7,"Mercury Hourglass":11},{"Blood Vial":28,"SlaversCollar":55,"Bronze Scales":12,"Vajra":42,"Orrery":59,"Pandora\u0027s Box":0,"Molten Egg 2":9,"Juzu Bracelet":47,"Kunai":16,"PureWater":0,"Runic Pyramid":22,"Mercury Hourglass":34}],"Mercury Hourglass":[116]},"card_choices":[{"not_picked":["WheelKick","Weave","Consecrate"],"picked":"SKIP","floor":1.0},{"not_picked":["FlyingSleeves","JustLucky"],"picked":"DeceiveReality","floor":3.0},{"not_picked":["Protect","FlyingSleeves"],"picked":"MentalFortress","floor":5.0},{"not_picked":["BattleHymn","CrushJoints"],"picked":"Wish","floor":8.0},{"not_picked":["EmptyBody","Fasting2"],"picked":"CutThroughFate+1","floor":10.0},{"not_picked":["FlyingSleeves+1","MentalFortress"],"picked":"EmptyFist+1","floor":13.0},{"not_picked":["Wish","Ragnarok+1"],"picked":"LessonLearned+1","floor":16.0},{"not_picked":["CutThroughFate+1","Collect"],"picked":"ForeignInfluence+1","floor":18.0},{"not_picked":["PathToVictory","EmptyBody"],"picked":"Conclude+1","floor":19.0},{"not_picked":["Protect","Crescendo+1","SandsOfTime+1"],"picked":"SKIP","floor":24.0},{"not_picked":["Indignation","Prostrate","Halt"],"picked":"SKIP","floor":25.0},{"not_picked":["CutThroughFate+1","FollowUp+1","Protect"],"picked":"SKIP","floor":28.0},{"not_picked":["Adaptation","FlyingSleeves+1"],"picked":"FlurryOfBlows+1","floor":29.0},{"not_picked":["Indignation","DevaForm","EmptyFist+1"],"picked":"SKIP","floor":30.0},{"not_picked":["WindmillStrike+1","FollowUp+1"],"picked":"Tantrum+1","floor":31.0},{"not_picked":["CrushJoints+1","Crescendo","LikeWater"],"picked":"SKIP","floor":35},{"not_picked":["ReachHeaven+1","JustLucky+1"],"picked":"ClearTheMind+1","floor":37},{"not_picked":["Consecrate+1","Prostrate+1"],"picked":"FollowUp+1","floor":37},{"not_picked":["Prostrate","DeceiveReality"],"picked":"FollowUp+1","floor":37},{"not_picked":["Forethought","Swift Strike+1"],"picked":"Bandage Up","floor":38},{"not_picked":["Forethought","Blind"],"picked":"Flash of Steel+1","floor":38}],"player_experience":3995804,"relics_obtained":[{"floor":9.0,"key":"Molten Egg 2"},{"floor":11.0,"key":"Bronze Scales"},{"floor":13.0,"key":"Kunai"},{"floor":21.0,"key":"Blood Vial"},{"floor":26.0,"key":"Mercury Hourglass"},{"floor":29.0,"key":"Vajra"},{"floor":31.0,"key":"Juzu Bracelet"}],"event_choices":[{"cards_removed":["Collect"],"damage_healed":0.0,"max_hp_gain":0.0,"max_hp_loss":0.0,"gold_gain":0.0,"event_name":"Golden Wing","player_choice":"Card Removal","floor":2.0,"gold_loss":0.0,"damage_taken":7.0},{"damage_healed":0.0,"max_hp_gain":0.0,"max_hp_loss":0.0,"gold_gain":0.0,"event_name":"Accursed Blacksmith","player_choice":"Forge","floor":6.0,"gold_loss":0.0,"damage_taken":0.0,"cards_upgraded":["Ragnarok"]},{"cards_removed":["ClearTheMind"],"damage_healed":0.0,"max_hp_gain":0.0,"max_hp_loss":0.0,"gold_gain":0.0,"event_name":"The Cleric","player_choice":"Card Removal","floor":14.0,"gold_loss":75.0,"damage_taken":0.0},{"cards_removed":["Consecrate"],"damage_healed":0.0,"max_hp_gain":0.0,"max_hp_loss":0.0,"gold_gain":0.0,"event_name":"Back to Basics","player_choice":"Elegance","floor":20.0,"gold_loss":0.0,"damage_taken":0.0},{"damage_healed":0,"gold_gain":0,"player_choice":"2 cards matched","damage_taken":0,"max_hp_gain":0,"max_hp_loss":0,"event_name":"Match and Keep!","floor":36,"gold_loss":0,"cards_obtained":["Omniscience","Collect"]},{"damage_healed":0,"gold_gain":0,"player_choice":"Memory 3","damage_taken":10,"max_hp_gain":0,"max_hp_loss":0,"event_name":"SensoryStone","floor":38,"gold_loss":0}],"is_beta":true,"boss_relics":[{"not_picked":["Busted Crown","Calling Bell"],"picked":"Runic Pyramid"},{"not_picked":["Black Star","Empty Cage"],"picked":"SlaversCollar"}],"items_purged_floors":[4,22],"is_endless":false,"potions_floor_spawned":[1,3,16,24,25,28,33,35],"killed_by":"3 Shapes","ascension_level":20}