{"gold_per_floor":[115,115,115,14,33,64,64,89,89,114,114,29,29,40,40,115,115,126,16,35,35,54,85,85,120,120,133,161,173,211,173,173,250,250,261,261,279,166,180,207,207,242,242,265,280,280,299,327,327,327,327,327,327,13,44,44],"floor_reached":56,"playtime":3997,"items_purged":["Strike_P","Defend_P","Strike_P","Strike_P","Nirvana","Nirvana"],"score":2358,"play_id":"4be5b6f4-2aa0-4eae-8b37-65d935a52fa5","local_time":"20211231120140","is_ascension_mode":true,"campfire_choices":[{"data":"EmptyFist","floor":7,"key":"SMITH"},{"data":"SandsOfTime","floor":11,"key":"SMITH"},{"data":"TalkToTheHand","floor":13,"key":"SMITH"},{"data":"Eruption","floor":15,"key":"SMITH"},{"data":"Scrawl","floor":24,"key":"SMITH"},{"data":"MentalFortress","floor":29,"key":"SMITH"},{"data":"TalkToTheHand","floor":32,"key":"SMITH"},{"floor":41,"key":"RECALL"},{"floor":46,"key":"REST"},{"floor":49,"key":"REST"},{"floor":53,"key":"REST"}],"neow_cost":"NONE","seed_source_timestamp":604719454040600,"circlet_count":0,"master_deck":["AscendersBane","Defend_P","Eruption+1","Vigilance","EmptyFist+1","FlurryOfBlows+1","InnerPeace","SandsOfTime+1","TalkToTheHand+1","CutThroughFate+1","Scrawl+1","MentalFortress+1","TalkToTheHand+1","Scrawl+1","Wireheading","Tantrum"],"relics":["PureWater","NeowsBlessing","The Courier","Strawberry","HornCleat","Smiling Mask","Empty Cage","Art of War","Toxic Egg 2","Bottled Lightning","MawBank","Tiny Chest","Fusion Hammer","Akabeko","StrikeDummy","Whetstone","MealTicket","Eternal Feather"],"potions_floor_usage":[8,10,23,25,25,33,45,48,50,56,56],"damage_taken":[{"damage":0,"enemies":"Jaw Worm","floor":1,"turns":1},{"damage":0,"enemies":"Small Slimes","floor":5,"turns":1},{"damage":0,"enemies":"3 Sentries","floor":6,"turns":2},{"damage":17,"enemies":"Lagavulin","floor":8,"turns":5},{"damage":0,"enemies":"3 Sentries","floor":10,"turns":4},{"damage":0,"enemies":"Cultist","floor":14,"turns":3},{"damage":0,"enemies":"Hexaghost","floor":16,"turns":7},{"damage":2,"enemies":"2 Thieves","floor":18,"turns":3},{"damage":0,"enemies":"Spheric Guardian","floor":20,"turns":2},{"damage":4,"enemies":"Centurion and Healer","floor":22,"turns":4},{"damage":4,"enemies":"Gremlin Leader","floor":23,"turns":5},{"damage":3,"enemies":"Book of Stabbing","floor":25,"turns":4},{"damage":0,"enemies":"Snecko","floor":27,"turns":4},{"damage":2,"enemies":"Gremlin Leader","floor":28,"turns":4},{"damage":12,"enemies":"Slavers","floor":30,"turns":4},{"damage":1,"enemies":"Automaton","floor":33,"turns":5},{"damage":0,"enemies":"3 Shapes","floor":35,"turns":3},{"damage":0,"enemies":"Orb Walker","floor":37,"turns":2},{"damage":0,"enemies":"Spire Growth","floor":39,"turns":3},{"damage":0,"enemies":"Reptomancer","floor":40,"turns":4},{"damage":0,"enemies":"Giant Head","floor":42,"turns":5},{"damage":0,"enemies":"Transient","floor":45,"turns":6},{"damage":0,"enemies":"Writhing Mass","floor":47,"turns":6},{"damage":0,"enemies":"Reptomancer","floor":48,"turns":4},{"damage":34,"enemies":"Awakened One","floor":50,"turns":13},{"damage":15,"enemies":"Donu and Deca","floor":51,"turns":7},{"damage":50,"enemies":"Shield and Spear","floor":55,"turns":5},{"damage":25,"enemies":"The Heart","floor":56,"turns":3}],"seed_played":"2981326594674576353","potions_obtained":[{"floor":5,"key":"Energy Potion"},{"floor":8,"key":"Explosive Potion"},{"floor":10,"key":"SneckoOil"},{"floor":16,"key":"EssenceOfSteel"},{"floor":20,"key":"Block Potion"},{"floor":23,"key":"ColorlessPotion"},{"floor":28,"key":"SkillPotion"},{"floor":30,"key":"CultistPotion"},{"floor":33,"key":"BottledMiracle"},{"floor":35,"key":"Regen Potion"},{"floor":45,"key":"Explosive Potion"},{"floor":47,"key":"Fire Potion"}],"is_trial":false,"path_per_floor":["M","?","?","$","M","E","R","E","T","E","R","$","R","M","R","B",null,"M","$","M","$","M","E","R","E","T","M","E","R","E","$","R","B",null,"M","?","M","$","M","E","R","E","T","T","M","R","M","E","R","B","B",null,"R","$","E","B"],"character_chosen":"WATCHER","items_purchased":["EmptyFist","TalkToTheHand","MentalFortress","Nirvana","Nirvana","DuplicationPotion","Wireheading","Block Potion","Strength Potion"],"campfire_rested":3,"item_purchase_floors":[4,12,19,38,54,54,54,54,54],"current_hp_per_floor":[61,54,54,54,54,54,54,44,44,44,44,44,44,44,44,44,67,65,65,65,65,61,57,57,54,54,54,52,52,40,40,40,39,66,66,66,66,66,66,66,66,66,66,66,75,75,75,75,75,41,26,63,75,75,25,0],"gold":44,"neow_bonus":"THREE_ENEMY_KILL","is_prod":false,"is_daily":false,"chose_seed":false,"campfire_upgraded":7,"win_rate":0,"timestamp":1640980900,"path_taken":["M","?","?","$","M","E","R","E","T","E","R","?","R","M","R","BOSS","M","$","M","?","M","E","R","E","T","M","E","R","E","?","R","BOSS","M","?","M","?","M","E","R","E","T","?","M","R","?","E","R","BOSS","BOSS","R","$","E","BOSS"],"build_version":"2020-12-18","purchased_purges":6,"victory":false,"max_hp_per_floor":[68,68,68,68,68,68,68,75,75,75,75,75,75,75,75,75,75,75,75,75,75,75,75,75,75,75,75,75,75,75,75,75,75,75,75,75,75,75,75,75,75,75,75,75,75,75,75,75,75,75,75,75,75,75,75,75],"relic_stats":{"counters":[28,119],"Tiny Chest":1,"MealTicket":0,"Eternal Feather":0,"The Courier":257,"Art of War":[0],"Bottled Lightning":"Scrawl","Whetstone":["CutThroughFate"],"PureWater":[25],"Smiling Mask":350,"MawBank":36,"obtain_stats":[{"NeowsBlessing":0,"Eternal Feather":55,"The Courier":6,"Whetstone":44,"Smiling Mask":10,"Empty Cage":17,"MawBank":28,"Akabeko":40,"HornCleat":9,"Strawberry":8,"Tiny Chest":30,"MealTicket":48,"Fusion Hammer":34,"Art of War":23,"Bottled Lightning":26,"PureWater":0,"Toxic Egg 2":25,"StrikeDummy":42},{"NeowsBlessing":0,"Eternal Feather":27,"The Courier":3,"Whetstone":21,"Smiling Mask":5,"Empty Cage":7,"MawBank":14,"Akabeko":20,"HornCleat":4,"Strawberry":4,"Tiny Chest":15,"MealTicket":24,"Fusion Hammer":16,"Art of War":11,"Bottled Lightning":12,"PureWater":0,"Toxic Egg 2":12,"StrikeDummy":21},{"NeowsBlessing":0,"Eternal Feather":116,"The Courier":4,"Whetstone":75,"Smiling Mask":13,"Empty Cage":23,"MawBank":49,"Akabeko":70,"HornCleat":9,"Strawberry":9,"Tiny Chest":53,"MealTicket":91,"Fusion Hammer":58,"Art of War":37,"Bottled Lightning":41,"PureWater":0,"Toxic Egg 2":41,"StrikeDummy":75}]},"card_choices":[{"not_picked":["PathToVictory","Evaluate","SashWhip"],"picked":"SKIP","floor":1},{"not_picked":["Weave","ClearTheMind"],"picked":"FlurryOfBlows","floor":5},{"not_picked":["Swivel","WaveOfTheHand","ClearTheMind"],"picked":"SKIP","floor":6},{"not_picked":["Prostrate","Perseverance"],"picked":"InnerPeace","floor":8},{"not_picked":["Evaluate","WheelKick"],"picked":"SandsOfTime","floor":10},{"not_picked":["Wireheading","FlurryOfBlows"],"picked":"CutThroughFate","floor":14},{"not_picked":["Ragnarok","ConjureBlade"],"picked":"Scrawl","floor":16},{"not_picked":["Crescendo","DeceiveReality","Study"],"picked":"SKIP","floor":18},{"not_picked":["BowlingBash","FlyingSleeves","Indignation"],"picked":"SKIP","floor":20},{"not_picked":["Weave","CrushJoints","SashWhip"],"picked":"SKIP","floor":22},{"not_picked":["FlurryOfBlows","Establishment","Crescendo"],"picked":"SKIP","floor":23},{"not_picked":["Conclude","SashWhip"],"picked":"TalkToTheHand","floor":25},{"not_picked":["CutThroughFate+1","Perseverance+1","FollowUp"],"picked":"SKIP","floor":27},{"not_picked":["ThirdEye+1","Alpha+1"],"picked":"Scrawl+1","floor":28},{"not_picked":["FlurryOfBlows","EmptyFist","WreathOfFlame+1"],"picked":"SKIP","floor":30},{"not_picked":["ThirdEye+1","Indignation+1","ForeignInfluence+1"],"picked":"SKIP","floor":35},{"not_picked":["Collect+1","LikeWater","Prostrate+1"],"picked":"SKIP","floor":37},{"not_picked":["WreathOfFlame+1","Crescendo+1","CutThroughFate"],"picked":"SKIP","floor":39},{"not_picked":["EmptyBody+1","Perseverance+1","EmptyFist"],"picked":"SKIP","floor":40},{"not_picked":["WreathOfFlame+1","Protect+1","PathToVictory+1"],"picked":"SKIP","floor":42},{"not_picked":["WreathOfFlame+1","Protect+1","PathToVictory+1"],"picked":"SKIP","floor":42},{"not_picked":["JustLucky","Halt+1","FlurryOfBlows+1"],"picked":"SKIP","floor":45},{"not_picked":["Brilliance","Collect+1","ClearTheMind+1"],"picked":"SKIP","floor":47},{"not_picked":["Protect+1","ConjureBlade+1","PathToVictory+1"],"picked":"SKIP","floor":48},{"not_picked":["EmptyFist","Weave+1"],"picked":"Tantrum","floor":55}],"player_experience":4066650,"relics_obtained":[{"floor":6,"key":"The Courier"},{"floor":8,"key":"Strawberry"},{"floor":9,"key":"HornCleat"},{"floor":10,"key":"Smiling Mask"},{"floor":23,"key":"Art of War"},{"floor":25,"key":"Toxic Egg 2"},{"floor":26,"key":"Bottled Lightning"},{"floor":28,"key":"MawBank"},{"floor":30,"key":"Tiny Chest"},{"floor":40,"key":"Akabeko"},{"floor":42,"key":"StrikeDummy"},{"floor":44,"key":"Whetstone"},{"floor":48,"key":"MealTicket"},{"floor":55,"key":"Eternal Feather"}],"event_choices":[{"cards_removed":["Defend_P"],"damage_healed":0,"gold_gain":0,"player_choice":"Card Removal","damage_taken":7,"max_hp_gain":0,"max_hp_loss":0,"event_name":"Golden Wing","floor":2,"gold_loss":0},{"damage_healed":0,"gold_gain":0,"player_choice":"Ignored","damage_taken":0,"max_hp_gain":0,"max_hp_loss":0,"event_name":"Liars Game","floor":3,"gold_loss":0},{"damage_healed":0,"gold_gain":0,"player_choice":"Forge","damage_taken":0,"max_hp_gain":0,"max_hp_loss":0,"event_name":"Accursed Blacksmith","floor":36,"gold_loss":0,"cards_upgraded":["FlurryOfBlows"]}],"is_beta":true,"boss_relics":[{"not_picked":["Runic Dome","Busted Crown"],"picked":"Empty Cage"},{"not_picked":["Runic Pyramid","Tiny House"],"picked":"Fusion Hammer"}],"items_purged_floors":[4,12,19,31,38,54],"is_endless":false,"potions_floor_spawned":[5,8,10,16,20,23,28,30,33,35,45,47],"killed_by":"The Heart","ascension_level":20}