{"gold_per_floor":[114,128,144,144,164,194,34,34,81,111,111,140,140,158,158,158],"floor_reached":16,"playtime":817,"items_purged":[],"score":290,"play_id":"6ae0a7d2-a7d1-4e8c-b5fd-591761624e32","local_time":"20211229234050","is_ascension_mode":true,"campfire_choices":[{"data":"FlurryOfBlows","floor":8.0,"key":"SMITH"},{"data":"CutThroughFate","floor":11,"key":"SMITH"},{"data":"EmptyFist","floor":13,"key":"SMITH"},{"data":"Eruption","floor":15,"key":"SMITH"}],"neow_cost":"NONE","seed_source_timestamp":477008311138800,"circlet_count":0,"master_deck":["AscendersBane","Strike_P","Strike_P","Strike_P","Strike_P","Defend_P","Defend_P","Defend_P+1","Eruption+1","Vigilance","FlurryOfBlows+1","DeceiveReality+1","CutThroughFate+1","Decay","EmptyFist+1"],"special_seed":0,"relics":["Cursed Key","Eternal Feather","Membership Card","Potion Belt","War Paint"],"potions_floor_usage":[10,12,16],"damage_taken":[{"damage":2.0,"enemies":"Small Slimes","floor":1.0,"turns":3.0},{"damage":0.0,"enemies":"Cultist","floor":2.0,"turns":3.0},{"damage":0.0,"enemies":"2 Louse","floor":3.0,"turns":2.0},{"damage":3.0,"enemies":"Looter","floor":5.0,"turns":4.0},{"damage":29.0,"enemies":"3 Sentries","floor":6.0,"turns":12.0},{"damage":0,"enemies":"Lagavulin","floor":10,"turns":2},{"damage":14,"enemies":"3 Sentries","floor":12,"turns":3},{"damage":0,"enemies":"Exordium Thugs","floor":14,"turns":3},{"damage":45,"enemies":"Hexaghost","floor":16,"turns":9}],"seed_played":"7741261838208363815","potions_obtained":[{"floor":3.0,"key":"SteroidPotion"},{"floor":6.0,"key":"ColorlessPotion"},{"floor":14,"key":"Explosive Potion"}],"is_trial":false,"path_per_floor":["M","M","M","?","M","E","$","R","T","E","R","E","R","M","R","B"],"character_chosen":"WATCHER","items_purchased":["Membership Card"],"campfire_rested":0,"item_purchase_floors":[7],"current_hp_per_floor":[59,59,59,59,56,27,27,33,33,33,39,25,34,34,43,0],"gold":158,"neow_bonus":"BOSS_RELIC","is_prod":false,"is_daily":false,"chose_seed":false,"campfire_upgraded":4,"win_rate":0,"timestamp":1640850050,"path_taken":["M","M","M","?","M","E","$","R","T","E","R","E","R","M","R","BOSS"],"build_version":"2020-12-18","purchased_purges":0,"victory":false,"max_hp_per_floor":[68,68,68,68,68,68,68,68,68,68,68,68,68,68,68,68],"relic_stats":{"counters":[9,41],"Eternal Feather":30,"Membership Card":0,"War Paint":["Defend_P","DeceiveReality"],"Cursed Key":1,"obtain_stats":[{"Potion Belt":10,"Eternal Feather":6,"Membership Card":7,"PureWater":0,"War Paint":12,"Cursed Key":0},{"Potion Belt":6,"Eternal Feather":5,"Membership Card":5,"PureWater":0,"War Paint":7,"Cursed Key":0},{"Potion Belt":26,"Eternal Feather":24,"Membership Card":24,"PureWater":0,"War Paint":29,"Cursed Key":0}]},"card_choices":[{"not_picked":["PathToVictory","Evaluate"],"picked":"FlurryOfBlows","floor":1.0},{"not_picked":["Consecrate","EmptyBody"],"picked":"DeceiveReality","floor":2.0},{"not_picked":["Prostrate","BowlingBash","Consecrate"],"picked":"SKIP","floor":3.0},{"not_picked":["JustLucky","BattleHymn"],"picked":"CutThroughFate","floor":5.0},{"not_picked":["CutThroughFate","WindmillStrike","SpiritShield"],"picked":"SKIP","floor":6.0},{"not_picked":["Vengeance","Collect","WindmillStrike"],"picked":"SKIP","floor":10},{"not_picked":["CrushJoints","JustLucky"],"picked":"EmptyFist","floor":12},{"not_picked":["CutThroughFate","FlyingSleeves","Crescendo"],"picked":"SKIP","floor":14}],"player_experience":4053103,"relics_obtained":[{"floor":6.0,"key":"Eternal Feather"},{"floor":10,"key":"Potion Belt"},{"floor":12,"key":"War Paint"}],"event_choices":[{"cards_removed":["Defend_P"],"damage_healed":0.0,"max_hp_gain":0.0,"max_hp_loss":0.0,"gold_gain":0.0,"event_name":"Wheel of Change","player_choice":"Card Removal","floor":4.0,"gold_loss":0.0,"damage_taken":0.0}],"is_beta":true,"boss_relics":[],"items_purged_floors":[],"is_endless":false,"potions_floor_spawned":[3,6,14],"killed_by":"Hexaghost","ascension_level":20}