{"gold_per_floor":[116,134,154,154,55,55,90,90,147,218,239,280,280,304,304,425,425,438,47,60,85,108,108,33,58,58,58,71,125,125,146,146,146],"floor_reached":33,"playtime":3806,"items_purged":["Strike_G"],"score":308,"play_id":"f60c8fa5-2559-4a2d-af90-c65ce14223ef","local_time":"20180714093303","is_ascension_mode":true,"campfire_choices":[{"data":"Predator","floor":6.0,"key":"SMITH"},{"floor":13.0,"key":"REST"},{"data":"Terror","floor":15.0,"key":"SMITH"},{"floor":23.0,"key":"REST"},{"floor":27,"key":"REST"},{"floor":30,"key":"REST"},{"floor":32,"key":"REST"}],"neow_cost":"NONE","seed_source_timestamp":0,"circlet_count":0,"master_deck":["Defend_G","Defend_G","Defend_G","Defend_G","Defend_G","Strike_G","Strike_G","Survivor","Neutralize+1","Predator+1","Slice","Acrobatics","Expertise","Deflect","Prepared","Malaise","Dagger Spray","Terror+1","Envenom","Well Laid Plans","Finesse","Sucker Punch+1","Escape Plan","Footwork","Backflip","Deflect+1","Slice+1","Leg Sweep+1"],"special_seed":0,"relics":["Ring of the Serpent","Orichalcum","Golden Idol","Tiny Chest","Snake Skull","Pen Nib","Dream Catcher","Frozen Egg 2","Omamori"],"potions_floor_usage":[33,33],"damage_taken":[{"damage":3.0,"enemies":"Small Slimes","floor":1.0,"turns":5.0},{"damage":1.0,"enemies":"Jaw Worm","floor":2.0,"turns":4.0},{"damage":7.0,"enemies":"2 Louse","floor":3.0,"turns":4.0},{"damage":24.0,"enemies":"Lagavulin","floor":7.0,"turns":8.0},{"damage":1.0,"enemies":"Large Slime","floor":11.0,"turns":5.0},{"damage":6.0,"enemies":"Gremlin Nob","floor":12.0,"turns":5.0},{"damage":0.0,"enemies":"Blue Slaver","floor":14.0,"turns":3.0},{"damage":49.0,"enemies":"Slime Boss","floor":16.0,"turns":14.0},{"damage":6.0,"enemies":"3 Byrds","floor":18.0,"turns":5.0},{"damage":10.0,"enemies":"Chosen","floor":20.0,"turns":5.0},{"damage":43.0,"enemies":"Sentry and Sphere","floor":21.0,"turns":8.0},{"damage":23,"enemies":"3 Cultists","floor":25,"turns":6},{"damage":10,"enemies":"Snecko","floor":28,"turns":5},{"damage":6,"enemies":"Cultist and Chosen","floor":31,"turns":8},{"damage":58,"enemies":"Collector","floor":33,"turns":9}],"seed_played":"-6797003977422517962","potions_obtained":[{"floor":2.0,"key":"GamblersBrew"},{"floor":3.0,"key":"Poison Potion"},{"floor":11.0,"key":"FairyPotion"},{"floor":25,"key":"Dexterity Potion"},{"floor":28,"key":"Explosive Potion"},{"floor":31,"key":"SmokeBomb"}],"is_trial":false,"path_per_floor":["M","M","M","?","$","R","E","?","T","?","M","E","R","M","R","B",null,"M","$","M","M","T","R","?","M","T","R","M","T","R","M","R"],"character_chosen":"THE_SILENT","items_purchased":["Expertise","Deflect","Well Laid Plans","Pen Nib","Finesse"],"campfire_rested":5,"item_purchase_floors":[5,5,19,19,19],"current_hp_per_floor":[67,66,59,59,59,59,35,35,35,35,34,28,47,47,47,5,65,59,59,49,6,6,25,25,2,2,21,11,11,30,24,43,0],"gold":146,"neow_bonus":"UPGRADE_CARD","is_prod":false,"is_daily":false,"chose_seed":false,"campfire_upgraded":2,"win_rate":0,"timestamp":1531557183,"path_taken":["M","M","M","?","$","R","E","?","T","?","M","E","R","M","R","BOSS","M","$","M","M","?","R","?","M","T","R","M","?","R","?","R","BOSS"],"build_version":"2018-07-12","purchased_purges":1,"victory":false,"max_hp_per_floor":[70,70,70,70,70,70,70,65,65,65,65,65,65,65,65,65,65,65,65,65,65,65,65,65,65,65,65,65,65,65,65,65,65],"card_choices":[{"not_picked":["Deadly Poison","Prepared"],"picked":"Predator","floor":1.0},{"not_picked":["Setup","Bane"],"picked":"Slice","floor":2.0},{"not_picked":["Bane","Dagger Throw"],"picked":"Acrobatics","floor":3.0},{"not_picked":["Quick Slash","Distraction"],"picked":"Prepared","floor":7.0},{"not_picked":["Poisoned Stab","Prepared"],"picked":"Malaise","floor":11.0},{"not_picked":["Distraction","Prepared"],"picked":"Dagger Spray","floor":12.0},{"not_picked":["Dagger Spray","PiercingWail"],"picked":"Terror","floor":14.0},{"not_picked":["Wraith Form v2","Adrenaline"],"picked":"Envenom","floor":16.0},{"not_picked":["Malaise","Quick Slash","Infinite Blades"],"picked":"SKIP","floor":18.0},{"not_picked":["Predator","Outmaneuver","Underhanded Strike"],"picked":"SKIP","floor":20.0},{"not_picked":["Calculated Gamble","Quick Slash+1"],"picked":"Sucker Punch+1","floor":21.0},{"not_picked":["Malaise","Well Laid Plans"],"picked":"Escape Plan","floor":23.0},{"not_picked":["Poisoned Stab","Acrobatics"],"picked":"Footwork","floor":25},{"not_picked":["Bane","Flying Knee+1"],"picked":"Backflip","floor":27},{"not_picked":["Bane","Underhanded Strike","Dagger Spray"],"picked":"SKIP","floor":28},{"not_picked":["Prepared","Escape Plan"],"picked":"Deflect+1","floor":30},{"not_picked":["PiercingWail","Deadly Poison"],"picked":"Slice+1","floor":31},{"not_picked":["Dagger Spray+1","Sucker Punch"],"picked":"Leg Sweep+1","floor":32}],"player_experience":281000,"relics_obtained":[{"floor":7.0,"key":"Orichalcum"},{"floor":9.0,"key":"Tiny Chest"},{"floor":12.0,"key":"Snake Skull"},{"floor":22.0,"key":"Dream Catcher"},{"floor":26,"key":"Frozen Egg 2"},{"floor":29,"key":"Omamori"}],"event_choices":[{"event_name":"Living Wall","player_choice":"Forget","floor":4.0,"damage_taken":0.0},{"event_name":"Golden Idol","player_choice":"Lose Max HP","floor":8.0,"damage_taken":0.0},{"event_name":"Golden Wing","player_choice":"Gained Gold","floor":10.0,"damage_taken":0.0},{"event_name":"Beggar","player_choice":"Gave Gold","floor":24,"damage_taken":0}],"boss_relics":[{"not_picked":["Orrery","Pandora\u0027s Box"],"picked":"Ring of the Serpent"}],"items_purged_floors":[19],"is_endless":false,"potions_floor_spawned":[2,3,11,25,28,31],"killed_by":"Collector","ascension_level":4}