{"gold_per_floor":[117,129,304,322,39,39,114,140,167,61,79,79,110,127,127,232,232,251,48,48,68,79,136,136,169,169,169,188,202,202,235,235,339,339,351,351,400,413,215,242,259,284,309,309,328,341,341,352,352,352],"floor_reached":51,"playtime":6885,"items_purged":["Doubt","Strike_G"],"score":897,"play_id":"5c21d7d4-6bc4-48a3-800e-84eb3af15b3a","local_time":"20180716003604","is_ascension_mode":true,"campfire_choices":[{"data":"Sucker Punch","floor":6,"key":"SMITH"},{"data":"Cloak And Dagger","floor":12,"key":"SMITH"},{"data":"Cloak And Dagger","floor":15,"key":"SMITH"},{"data":"Cloak And Dagger","floor":24,"key":"SMITH"},{"floor":30,"key":"REST"},{"data":"Backflip","floor":32,"key":"SMITH"},{"data":"1","floor":44,"key":"LIFT"},{"data":"2","floor":47,"key":"LIFT"},{"floor":49,"key":"REST"}],"neow_cost":"NONE","seed_source_timestamp":2782976060813969,"circlet_count":0,"master_deck":["Defend_G","Defend_G","Defend_G","Defend_G","Defend_G","Strike_G","Strike_G","Strike_G","Survivor","Neutralize","Doppelganger","Dash","Sucker Punch+1","Dagger Spray","Acrobatics","Backstab","Cloak And Dagger+1","Backstab","Well Laid Plans","Cloak And Dagger+1","Tools of the Trade","Cloak And Dagger+1","PiercingWail","Acrobatics+1","Calculated Gamble+1","Backflip+1","Burst","Outmaneuver+1","Underhanded Strike+1","Deflect+1","Backflip+1"],"relics":["Ring of the Snake","Bag of Preparation","Bag of Marbles","Letter Opener","Busted Crown","Tiny Chest","Oddly Smooth Stone","Anchor","Ornamental Fan","Sozu","Girya","Sling","Ginger","Mercury Hourglass","Bronze Scales"],"potions_floor_usage":[8,16,16,16,33,33,37,50],"damage_taken":[{"damage":1,"enemies":"Small Slimes","floor":1,"turns":4},{"damage":0,"enemies":"2 Louse","floor":2,"turns":2},{"damage":1,"enemies":"Jaw Worm","floor":4,"turns":3},{"damage":11,"enemies":"Gremlin Nob","floor":8,"turns":4},{"damage":0,"enemies":"3 Louse","floor":11,"turns":1},{"damage":1,"enemies":"3 Sentries","floor":13,"turns":6},{"damage":0,"enemies":"2 Fungi Beasts","floor":14,"turns":1},{"damage":48,"enemies":"Hexaghost","floor":16,"turns":12},{"damage":4,"enemies":"Shell Parasite","floor":18,"turns":4},{"damage":0,"enemies":"3 Byrds","floor":21,"turns":4},{"damage":1,"enemies":"Cultist and Chosen","floor":22,"turns":6},{"damage":6,"enemies":"Slavers","floor":23,"turns":7},{"damage":2,"enemies":"Gremlin Leader","floor":25,"turns":8},{"damage":16,"enemies":"Snake Plant","floor":28,"turns":5},{"damage":13,"enemies":"Snecko","floor":29,"turns":4},{"damage":7,"enemies":"Book of Stabbing","floor":31,"turns":6},{"damage":30,"enemies":"Champ","floor":33,"turns":14},{"damage":9,"enemies":"3 Darklings","floor":35,"turns":5},{"damage":1,"floor":37,"turns":4},{"damage":0,"enemies":"Orb Walker","floor":38,"turns":3},{"damage":14,"enemies":"Giant Head","floor":40,"turns":7},{"damage":10,"enemies":"Maw","floor":41,"turns":8},{"damage":3,"enemies":"2 Orb Walkers","floor":42,"turns":5},{"damage":0,"enemies":"3 Darklings","floor":45,"turns":4},{"damage":1,"enemies":"Spire Growth","floor":46,"turns":4},{"damage":0,"enemies":"Flame Bruiser 2 Orb","floor":48,"turns":2},{"damage":37,"enemies":"Time Eater","floor":50,"turns":10}],"seed_played":"-8711655292272105472","potions_obtained":[{"floor":1,"key":"Poison Potion"},{"floor":4,"key":"PowerPotion"},{"floor":8,"key":"SteroidPotion"},{"floor":16,"key":"GhostInAJar"},{"floor":22,"key":"Weak Potion"},{"floor":33,"key":"Strength Potion"}],"is_trial":false,"path_per_floor":["M","M","?","M","$","R","?","E","T","$","M","R","E","M","R","B",null,"M","$","?","M","M","E","R","E","T","?","M","M","R","E","R","B",null,"M","?","?","M","$","E","M","E","T","R","M","M","R","M","R","B"],"character_chosen":"THE_SILENT","items_purchased":["Acrobatics","Backstab","Regen Potion","Backstab","Well Laid Plans","Cloak And Dagger","Strength Potion","Sling"],"campfire_rested":2,"item_purchase_floors":[5,5,5,10,10,19,19,39],"current_hp_per_floor":[69,69,69,68,68,68,57,46,46,46,46,46,45,45,45,12,70,66,66,66,66,65,59,59,57,57,57,41,28,49,42,42,12,70,61,61,60,60,60,46,36,33,33,33,33,32,32,32,53,16],"gold":352,"neow_bonus":"TRANSFORM_CARD","is_prod":false,"is_daily":false,"chose_seed":false,"campfire_upgraded":5,"win_rate":0,"timestamp":1531697764,"path_taken":["M","M","?","M","$","R","?","E","T","$","M","R","E","M","R","BOSS","M","$","?","M","M","E","R","E","T","?","M","M","R","E","R","BOSS","M","?","?","M","$","E","M","E","T","R","M","M","R","?","R","BOSS"],"build_version":"2018-07-12","purchased_purges":2,"victory":true,"max_hp_per_floor":[70,70,70,70,70,70,70,70,70,70,70,70,70,70,70,70,70,70,70,70,70,70,70,70,70,70,70,70,70,70,70,70,70,70,70,70,70,70,70,70,70,70,70,70,70,70,70,70,70,70],"card_choices":[{"not_picked":["Flechettes","Deadly Poison"],"picked":"Dash","floor":1},{"not_picked":["Poisoned Stab","Bane"],"picked":"Sucker Punch","floor":2},{"not_picked":["Dagger Throw","Underhanded Strike"],"picked":"Dagger Spray","floor":4},{"not_picked":["Unload","Deflect"],"picked":"Cloak And Dagger","floor":8},{"not_picked":["Heel Hook","Reflex"],"picked":"Cloak And Dagger","floor":11},{"not_picked":["Infinite Blades","Poisoned Stab","Bane"],"picked":"SKIP","floor":13},{"not_picked":["Poisoned Stab","Outmaneuver","Expertise"],"picked":"SKIP","floor":14},{"not_picked":["Doppelganger","Storm of Steel"],"picked":"Tools of the Trade","floor":16},{"not_picked":["Deadly Poison"],"picked":"SKIP","floor":18},{"not_picked":["Outmaneuver"],"picked":"SKIP","floor":21},{"not_picked":[],"picked":"PiercingWail","floor":22},{"not_picked":["Quick Slash"],"picked":"SKIP","floor":23},{"not_picked":[],"picked":"Acrobatics+1","floor":25},{"not_picked":[],"picked":"Calculated Gamble+1","floor":28},{"not_picked":["Outmaneuver"],"picked":"SKIP","floor":29},{"not_picked":[],"picked":"Backflip","floor":31},{"not_picked":[],"picked":"Burst","floor":33},{"not_picked":[],"picked":"Outmaneuver+1","floor":35},{"not_picked":[],"picked":"Underhanded Strike+1","floor":37},{"not_picked":["All Out Attack"],"picked":"SKIP","floor":38},{"not_picked":[],"picked":"Deflect+1","floor":40},{"not_picked":["Unload"],"picked":"SKIP","floor":41},{"not_picked":["Calculated Gamble+1"],"picked":"SKIP","floor":42},{"not_picked":[],"picked":"Backflip+1","floor":45},{"not_picked":["Outmaneuver"],"picked":"SKIP","floor":46},{"not_picked":["Deflect"],"picked":"SKIP","floor":48}],"player_experience":302111,"relics_obtained":[{"floor":8,"key":"Bag of Preparation"},{"floor":9,"key":"Bag of Marbles"},{"floor":13,"key":"Letter Opener"},{"floor":23,"key":"Tiny Chest"},{"floor":25,"key":"Oddly Smooth Stone"},{"floor":26,"key":"Anchor"},{"floor":31,"key":"Ornamental Fan"},{"floor":37,"key":"Girya"},{"floor":40,"key":"Ginger"},{"floor":42,"key":"Mercury Hourglass"},{"floor":43,"key":"Bronze Scales"}],"event_choices":[{"event_name":"Liars Game","player_choice":"agreed","floor":3,"damage_taken":0},{"event_name":"World of Goop","player_choice":"Gather Gold","floor":7,"damage_taken":0},{"event_name":"Beggar","player_choice":"Ignored","floor":20,"damage_taken":0},{"event_name":"Vampires","player_choice":"Ignored","floor":27,"damage_taken":0},{"event_name":"Tomb of Lord Red Mask","player_choice":"Ignored","floor":36,"damage_taken":0},{"event_name":"Mysterious Sphere","player_choice":"Fight","floor":37,"damage_taken":0}],"boss_relics":[{"not_picked":["Lizard Tail","Calling Bell"],"picked":"Busted Crown"},{"not_picked":["Cursed Key","Astrolabe"],"picked":"Sozu"}],"items_purged_floors":[5,19],"is_endless":false,"potions_floor_spawned":[1,4,8,16,22,28,31,33,40,41,45,48],"ascension_level":4}