{"gold_per_floor":[110,130,148,148,45,45,60,92,92,111,111,139,13,47,47,151,151,118,138,138,157,169,169,94,112,135,135,168,182,4,29,29,29],"floor_reached":33,"playtime":4737,"items_purged":["Strike_G","Strike_G"],"score":344,"play_id":"ac339763-e14d-4be2-985d-a80d173100c3","local_time":"20180714231459","is_ascension_mode":true,"campfire_choices":[{"data":"Leg Sweep","floor":6,"key":"SMITH"},{"floor":11,"key":"REST"},{"data":"Noxious Fumes","floor":15,"key":"SMITH"},{"floor":23,"key":"REST"},{"floor":27,"key":"REST"},{"floor":32,"key":"REST"}],"neow_cost":"NONE","seed_source_timestamp":2693857879003404,"circlet_count":0,"master_deck":["Defend_G","Defend_G","Defend_G","Defend_G","Defend_G","Strike_G","Strike_G","Strike_G","Survivor","Neutralize","Acrobatics","Expertise","Leg Sweep+1","Backstab","Well Laid Plans","PiercingWail","Bane","After Image+1","Deflect","Noxious Fumes+1","Backflip","Slice","Grand Finale","Concentrate+1","Acrobatics","Underhanded Strike","Noxious Fumes","Die Die Die","Crippling Poison"],"relics":["Philosopher\u0027s Stone","Snake Skull","Bottled Flame","Bottled Lightning","Blue Candle","Boot","Black Star","Happy Flower","Prayer Wheel","Unceasing Top","Vajra"],"potions_floor_usage":[16,18,21,21,25,28,33,33],"damage_taken":[{"damage":0,"enemies":"Jaw Worm","floor":1,"turns":4},{"damage":0,"enemies":"2 Louse","floor":2,"turns":3},{"damage":2,"enemies":"Cultist","floor":3,"turns":4},{"damage":0,"enemies":"Gremlin Gang","floor":7,"turns":6},{"damage":18,"enemies":"Lagavulin","floor":8,"turns":11},{"damage":8,"enemies":"Large Slime","floor":10,"turns":7},{"damage":12,"enemies":"3 Sentries","floor":12,"turns":10},{"damage":1,"enemies":"Lagavulin","floor":14,"turns":8},{"damage":3,"enemies":"Slime Boss","floor":16,"turns":9},{"damage":20,"enemies":"2 Thieves","floor":18,"turns":5},{"damage":2,"enemies":"Shell Parasite","floor":19,"turns":5},{"damage":33,"enemies":"3 Cultists","floor":21,"turns":7},{"damage":2,"enemies":"Centurion and Healer","floor":22,"turns":4},{"damage":2,"enemies":"Slaver and Parasite","floor":25,"turns":8},{"damage":28,"enemies":"Gremlin Leader","floor":28,"turns":7},{"damage":24,"enemies":"Sentry and Sphere","floor":29,"turns":7},{"damage":48,"enemies":"Champ","floor":33,"turns":9}],"seed_played":"1696069508902968714","potions_obtained":[{"floor":7,"key":"Block Potion"},{"floor":8,"key":"SteroidPotion"},{"floor":10,"key":"Dexterity Potion"},{"floor":19,"key":"Energy Potion"},{"floor":22,"key":"Regen Potion"},{"floor":25,"key":"Regen Potion"},{"floor":29,"key":"Fire Potion"}],"is_trial":false,"path_per_floor":["M","M","M","?","$","R","M","E","T","M","R","E","$","E","R","B",null,"M","M","?","M","M","R","$","M","T","R","E","M","$","T","R"],"character_chosen":"THE_SILENT","items_purchased":["Backstab","Well Laid Plans","Noxious Fumes","Backflip","EssenceOfSteel"],"campfire_rested":4,"item_purchase_floors":[5,5,13,13,30],"current_hp_per_floor":[70,70,68,61,61,61,61,43,43,35,56,44,44,43,43,40,70,50,48,48,15,13,34,34,47,47,68,49,25,25,25,46,0],"gold":29,"neow_bonus":"BOSS_RELIC","is_prod":false,"is_daily":false,"chose_seed":false,"campfire_upgraded":2,"win_rate":0,"timestamp":1531606499,"path_taken":["M","M","M","?","$","R","M","E","T","?","R","E","$","E","R","BOSS","M","?","?","M","?","R","$","?","T","R","E","M","?","?","R","BOSS"],"build_version":"2018-07-12","purchased_purges":2,"victory":false,"max_hp_per_floor":[70,70,70,70,70,70,70,70,70,70,70,70,70,70,70,70,70,70,70,70,70,70,70,70,70,70,70,70,70,70,70,70,70],"card_choices":[{"not_picked":["Outmaneuver","Expertise"],"picked":"Acrobatics","floor":1},{"not_picked":["Dagger Throw","Outmaneuver"],"picked":"Expertise","floor":2},{"not_picked":["All Out Attack","Calculated Gamble"],"picked":"Leg Sweep","floor":3},{"not_picked":["Setup","Flechettes"],"picked":"PiercingWail","floor":7},{"not_picked":["Outmaneuver","Flying Knee"],"picked":"Bane","floor":8},{"not_picked":["Bane","Acrobatics"],"picked":"After Image","floor":10},{"not_picked":["Poisoned Stab","Choke"],"picked":"Deflect","floor":12},{"not_picked":["Poisoned Stab","Dagger Throw"],"picked":"Slice","floor":14},{"not_picked":["Unload","Tactician"],"picked":"Grand Finale","floor":16},{"not_picked":["Underhanded Strike+1","Deflect+1"],"picked":"Concentrate+1","floor":18},{"not_picked":["Deflect+1","Heel Hook"],"picked":"Acrobatics","floor":19},{"not_picked":["Outmaneuver+1","All Out Attack"],"picked":"Underhanded Strike","floor":21},{"not_picked":["Sucker Punch","Poisoned Stab+1","Slice"],"picked":"SKIP","floor":22},{"not_picked":["Bane+1","Prepared"],"picked":"Noxious Fumes","floor":25},{"not_picked":["Bane","Slice"],"picked":"Die Die Die","floor":28},{"not_picked":["Choke","Poisoned Stab"],"picked":"Crippling Poison","floor":29},{"not_picked":["Bane","Outmaneuver","Caltrops"],"picked":"SKIP","floor":29}],"player_experience":291076,"relics_obtained":[{"floor":8,"key":"Bottled Flame"},{"floor":9,"key":"Bottled Lightning"},{"floor":12,"key":"Blue Candle"},{"floor":14,"key":"Boot"},{"floor":26,"key":"Happy Flower"},{"floor":28,"key":"Prayer Wheel"},{"floor":28,"key":"Unceasing Top"},{"floor":31,"key":"Vajra"}],"event_choices":[{"event_name":"Scrap Ooze","player_choice":"success","floor":4,"damage_taken":7},{"event_name":"Accursed Blacksmith","player_choice":"Forge","floor":20,"damage_taken":0}],"boss_relics":[{"not_picked":["Ectoplasm","Fusion Hammer"],"picked":"Black Star"}],"items_purged_floors":[24,30],"is_endless":false,"potions_floor_spawned":[7,8,10,12,19,22,25,29],"killed_by":"Champ","ascension_level":4}