{"gold_per_floor":[112,26,26,39,39,64,64,82,82,82,97,22,47,57,57,157,157,125,45,45,64,77,77,111,111,134,160,160,171,171,171,171,269,269,281,281,298,298,97,97,122,122,122,222,235,235,262,20,20,20],"floor_reached":51,"playtime":3770,"items_purged":["Strike_G","Strike_G"],"score":1263,"play_id":"1e7c6a92-7073-4697-abee-4c1e0c8c88f2","local_time":"20180730211255","is_ascension_mode":true,"campfire_choices":[{"data":"After Image","floor":7,"key":"SMITH"},{"data":"Cloak And Dagger","floor":10,"key":"SMITH"},{"data":"Cloak And Dagger","floor":15,"key":"SMITH"},{"data":"A Thousand Cuts","floor":23,"key":"SMITH"},{"floor":25,"key":"REST"},{"floor":30,"key":"REST"},{"data":"Noxious Fumes","floor":32,"key":"SMITH"},{"data":"Cloak And Dagger","floor":40,"key":"SMITH"},{"floor":42,"key":"REST"},{"floor":46,"key":"REST"},{"data":"Footwork","floor":49,"key":"SMITH"}],"neow_cost":"NONE","seed_source_timestamp":1074231848406851,"circlet_count":0,"master_deck":["Defend_G","Defend_G","Defend_G","Defend_G","Defend_G","Strike_G","Strike_G","Survivor","Neutralize","AscendersBane","Blur","Well Laid Plans","Cloak And Dagger+1","After Image+1","Cloak And Dagger+1","Dash","Cloak And Dagger+1","Terror","Footwork+1","A Thousand Cuts+1","Dagger Throw+1","Noxious Fumes+1","Adrenaline","Blur","Die Die Die","Footwork","After Image","Accuracy+1","Flash of Steel"],"relics":["Ring of the Snake","NeowsBlessing","Question Card","Pear","Darkstone Periapt","Sozu","Dream Catcher","Happy Flower","Bag of Marbles","WristBlade","Vajra","Paper Crane","The Courier","Oddly Smooth Stone","Strawberry"],"potions_floor_usage":[11,16,24],"damage_taken":[{"damage":0,"enemies":"Small Slimes","floor":1,"turns":1},{"damage":0,"enemies":"Cultist","floor":4,"turns":1},{"damage":0,"enemies":"Lagavulin","floor":6,"turns":1},{"damage":0,"enemies":"2 Louse","floor":8,"turns":4},{"damage":0,"enemies":"Gremlin Gang","floor":11,"turns":6},{"damage":0,"enemies":"3 Sentries","floor":13,"turns":12},{"damage":5,"enemies":"3 Louse","floor":14,"turns":4},{"damage":23,"enemies":"Slime Boss","floor":16,"turns":17},{"damage":5,"enemies":"2 Thieves","floor":18,"turns":5},{"damage":0,"enemies":"3 Byrds","floor":21,"turns":6},{"damage":0,"enemies":"Centurion and Healer","floor":22,"turns":7},{"damage":37,"enemies":"Book of Stabbing","floor":24,"turns":8},{"damage":33,"enemies":"Slavers","floor":27,"turns":4},{"damage":0,"enemies":"Cultist and Chosen","floor":29,"turns":7},{"damage":19,"enemies":"Collector","floor":33,"turns":12},{"damage":3,"enemies":"3 Shapes","floor":35,"turns":5},{"damage":0,"enemies":"Flame Bruiser 1 Orb","floor":37,"turns":6},{"damage":40,"enemies":"2 Orb Walkers","floor":41,"turns":5},{"damage":2,"enemies":"4 Shapes","floor":45,"turns":6},{"damage":0,"enemies":"Nemesis","floor":47,"turns":7},{"damage":51,"enemies":"Awakened One","floor":50,"turns":15}],"seed_played":"6089320304199427653","potions_obtained":[{"floor":1,"key":"Regen Potion"},{"floor":6,"key":"Fire Potion"},{"floor":13,"key":"LiquidBronze"}],"is_trial":false,"path_per_floor":["M","$","?","M","?","E","R","M","T","R","M","$","E","M","R","B",null,"M","$","?","M","M","R","E","R","T","E","?","M","R","?","R","B",null,"M","$","M","?","$","R","E","R","T","?","M","R","E","$","R","B"],"character_chosen":"THE_SILENT","items_purchased":["Well Laid Plans","Cloak And Dagger","Noxious Fumes","Flash of Steel","Oddly Smooth Stone","Strawberry"],"campfire_rested":4,"item_purchase_floors":[2,2,19,39,48,48],"current_hp_per_floor":[63,63,63,63,63,63,63,63,73,73,73,73,73,68,68,45,71,66,66,66,66,66,66,41,65,65,32,32,32,56,56,56,37,69,66,66,66,66,66,66,26,50,50,50,48,72,72,79,79,28],"gold":20,"neow_bonus":"THREE_ENEMY_KILL","is_prod":false,"is_daily":false,"chose_seed":false,"campfire_upgraded":7,"win_rate":0,"timestamp":1532981575,"path_taken":["M","$","?","M","?","E","R","?","T","R","M","$","E","M","R","BOSS","M","$","?","M","M","R","E","R","T","E","?","M","R","?","R","BOSS","M","$","M","?","$","R","E","R","T","?","M","R","E","?","R","BOSS"],"build_version":"2018-07-26","purchased_purges":2,"victory":true,"max_hp_per_floor":[70,70,70,70,70,70,70,70,80,80,80,80,80,80,80,80,80,80,80,80,80,80,80,80,80,80,80,80,80,80,80,80,80,80,80,80,80,80,80,80,80,80,80,80,80,80,80,87,87,87],"card_choices":[{"not_picked":["Terror","Dodge and Roll"],"picked":"Blur","floor":1},{"not_picked":["Terror","Sucker Punch"],"picked":"Cloak And Dagger","floor":4},{"not_picked":["Backflip","Bane"],"picked":"Dash","floor":6},{"not_picked":["Accuracy","Choke","PiercingWail"],"picked":"Cloak And Dagger","floor":8},{"not_picked":["Dodge and Roll","Flying Knee","Deadly Poison","Crippling Poison"],"picked":"SKIP","floor":11},{"not_picked":["Distraction","Cloak And Dagger","Calculated Gamble"],"picked":"Terror","floor":13},{"not_picked":["Tactician","Cloak And Dagger","Outmaneuver"],"picked":"Footwork","floor":14},{"not_picked":["Storm of Steel","After Image","Unload"],"picked":"A Thousand Cuts","floor":16},{"not_picked":["Masterful Stab","Deflect","Expertise"],"picked":"Dagger Throw+1","floor":18},{"not_picked":["Calculated Gamble","Catalyst","Outmaneuver+1","Bouncing Flask+1"],"picked":"SKIP","floor":21},{"not_picked":["Dodge and Roll","Backflip","Catalyst","Dagger Throw"],"picked":"SKIP","floor":22},{"not_picked":["Dodge and Roll","Poisoned Stab","Cloak And Dagger"],"picked":"Adrenaline","floor":24},{"not_picked":["Riddle With Holes","Concentrate","Distraction"],"picked":"Blur","floor":25},{"not_picked":["Predator+1","Underhanded Strike","Dagger Spray"],"picked":"Die Die Die","floor":27},{"not_picked":["Outmaneuver","Dash","Poisoned Stab","Underhanded Strike"],"picked":"SKIP","floor":29},{"not_picked":["Outmaneuver","Underhanded Strike","Bouncing Flask"],"picked":"Footwork","floor":30},{"not_picked":["Glass Knife","Venomology","Malaise"],"picked":"After Image","floor":33},{"not_picked":["Reflex+1","Riddle With Holes","Poisoned Stab","Flying Knee"],"picked":"SKIP","floor":35},{"not_picked":["Tactician","Dodge and Roll+1","Cloak And Dagger"],"picked":"Accuracy+1","floor":37},{"not_picked":["Choke","Backflip","Caltrops","Expertise+1"],"picked":"SKIP","floor":41},{"not_picked":["Well Laid Plans","Distraction","Quick Slash","Bouncing Flask+1"],"picked":"SKIP","floor":45},{"not_picked":["Deflect","Well Laid Plans","Sucker Punch+1","Eviscerate"],"picked":"SKIP","floor":47}],"player_experience":544010,"relics_obtained":[{"floor":6,"key":"Question Card"},{"floor":9,"key":"Pear"},{"floor":13,"key":"Darkstone Periapt"},{"floor":24,"key":"Dream Catcher"},{"floor":26,"key":"Happy Flower"},{"floor":27,"key":"Bag of Marbles"},{"floor":41,"key":"Vajra"},{"floor":43,"key":"Paper Crane"},{"floor":47,"key":"The Courier"}],"event_choices":[{"event_name":"Match and Keep!","player_choice":"1 cards matched","floor":3,"damage_taken":0},{"event_name":"Purifier","player_choice":"One Purge","floor":5,"damage_taken":0},{"event_name":"Addict","player_choice":"Ignored","floor":20,"damage_taken":0},{"event_name":"The Mausoleum","player_choice":"No","floor":28,"damage_taken":0},{"event_name":"Vampires","player_choice":"Ignored","floor":31,"damage_taken":0},{"event_name":"FaceTrader","player_choice":"Leave","floor":38,"damage_taken":0},{"event_name":"Golden Shrine","player_choice":"Pray","floor":44,"damage_taken":0}],"is_beta":false,"boss_relics":[{"not_picked":["White Beast Statue","Pandora\u0027s Box"],"picked":"Sozu"},{"not_picked":["Philosopher\u0027s Stone","Ring of the Serpent"],"picked":"WristBlade"}],"items_purged_floors":[12,39],"is_endless":false,"potions_floor_spawned":[1,6,13,22,24,29,41],"ascension_level":12}