{"gold_per_floor":[110,129,148,148,14,14,34,34,61,99,119,153,153,188,188,316,316,336,336,370,370,384,384,424,437,437,437,480,154,179,215,215,340,340,361,382,72,72,72,72,87,112,139,139,173,186,186,201,201,201],"floor_reached":51,"playtime":6503,"items_purged":["Strike_G","Strike_G"],"score":1032,"play_id":"6ebecde3-db48-4027-9817-390ebf1101fe","local_time":"20180719221820","is_ascension_mode":true,"campfire_choices":[{"data":"Dash","floor":6,"key":"SMITH"},{"data":"Backflip","floor":8,"key":"SMITH"},{"data":"Malaise","floor":13,"key":"SMITH"},{"data":"After Image","floor":15,"key":"SMITH"},{"floor":23,"key":"REST"},{"data":"Glass Knife","floor":27,"key":"SMITH"},{"data":"Apotheosis","floor":32,"key":"SMITH"},{"floor":40,"key":"REST"},{"data":"Infinite Blades","floor":44,"key":"SMITH"},{"data":"A Thousand Cuts","floor":47,"key":"SMITH"},{"floor":49,"key":"REST"}],"neow_cost":"NONE","seed_source_timestamp":125014285112050,"circlet_count":0,"master_deck":["Defend_G","Defend_G","Defend_G","Defend_G","Defend_G","Strike_G","Survivor","Neutralize+1","Blade Dance","Dash+1","Dagger Throw","Well Laid Plans","Backflip+1","Backflip","Malaise+1","Slice","Leg Sweep","After Image+1","Glass Knife+1","Deflect+1","Terror","A Thousand Cuts+1","Footwork","Apotheosis+1","Cloak And Dagger","Outmaneuver+1","Backflip+1","Infinite Blades+1","Flash of Steel","Backstab","Madness","Madness","Finesse","Infinite Blades+1","Malaise+1"],"relics":["Ring of the Snake","Golden Idol","Strawberry","Bronze Scales","Pen Nib","Blood Vial","Sozu","Red Mask","Nilry\u0027s Codex","Bag of Preparation","Shuriken","Mango","Ice Cream","Empty Cage","Regal Pillow","Orichalcum"],"potions_floor_usage":[16,16,20],"damage_taken":[{"damage":0,"enemies":"2 Louse","floor":1,"turns":2},{"damage":0,"enemies":"Cultist","floor":2,"turns":3},{"damage":4,"enemies":"Small Slimes","floor":3,"turns":3},{"damage":0,"enemies":"2 Fungi Beasts","floor":7,"turns":3},{"damage":10,"enemies":"Lagavulin","floor":10,"turns":9},{"damage":3,"enemies":"Exordium Wildlife","floor":11,"turns":4},{"damage":0,"enemies":"3 Sentries","floor":12,"turns":8},{"damage":23,"enemies":"Gremlin Nob","floor":14,"turns":5},{"damage":8,"enemies":"Slime Boss","floor":16,"turns":13},{"damage":6,"enemies":"Spheric Guardian","floor":18,"turns":5},{"damage":6,"floor":20,"turns":5},{"damage":0,"enemies":"Chosen","floor":22,"turns":4},{"damage":6,"enemies":"Slavers","floor":24,"turns":6},{"damage":12,"enemies":"Snake Plant","floor":25,"turns":4},{"damage":1,"enemies":"Gremlin Leader","floor":28,"turns":6},{"damage":0,"enemies":"Centurion and Healer","floor":30,"turns":5},{"damage":0,"enemies":"Book of Stabbing","floor":31,"turns":5},{"damage":27,"enemies":"Champ","floor":33,"turns":9},{"damage":7,"enemies":"3 Darklings","floor":35,"turns":3},{"damage":1,"enemies":"3 Shapes","floor":36,"turns":4},{"damage":0,"enemies":"Flame Bruiser 2 Orb","floor":41,"turns":5},{"damage":8,"enemies":"3 Darklings","floor":42,"turns":5},{"damage":21,"enemies":"Nemesis","floor":45,"turns":6},{"damage":0,"enemies":"Sphere and 2 Shapes","floor":46,"turns":5},{"damage":2,"enemies":"4 Shapes","floor":48,"turns":5},{"damage":37,"enemies":"Awakened One","floor":50,"turns":10}],"seed_played":"-5016245903314151115","potions_obtained":[{"floor":1,"key":"Fire Potion"},{"floor":2,"key":"Explosive Potion"},{"floor":10,"key":"AttackPotion"},{"floor":11,"key":"GhostInAJar"},{"floor":16,"key":"Poison Potion"}],"is_trial":false,"path_per_floor":["M","M","M","?","$","R","M","R","T","E","M","E","R","E","R","B",null,"M","?","?","?","M","R","E","M","T","R","E","$","M","E","R","B",null,"M","M","$","?","?","R","M","M","T","R","E","M","R","M","R","B"],"character_chosen":"THE_SILENT","items_purchased":["Well Laid Plans","Backflip","Footwork","Apotheosis","Infinite Blades","Flash of Steel","Backstab"],"campfire_rested":3,"item_purchase_floors":[5,5,29,29,37,37,37],"current_hp_per_floor":[63,63,59,59,59,59,59,59,66,56,53,53,53,30,30,24,60,56,56,52,36,38,59,55,45,45,45,60,60,62,64,64,39,74,69,70,70,59,59,84,86,78,78,78,59,61,61,61,86,49],"gold":201,"neow_bonus":"UPGRADE_CARD","is_prod":false,"is_daily":false,"chose_seed":false,"campfire_upgraded":8,"win_rate":0,"timestamp":1532035100,"path_taken":["M","M","M","?","$","R","M","R","T","E","M","E","R","E","R","BOSS","M","?","?","?","M","R","E","?","T","R","E","$","M","E","R","BOSS","M","M","$","?","?","R","M","M","T","R","E","?","R","M","R","BOSS"],"build_version":"2018-07-12","purchased_purges":2,"victory":true,"max_hp_per_floor":[70,70,70,65,65,65,65,65,72,72,72,72,72,72,72,72,72,72,72,72,72,72,72,72,72,72,72,86,86,86,86,86,86,86,86,86,86,86,86,86,86,86,86,86,86,86,86,86,86,86],"card_choices":[{"not_picked":["Choke","Caltrops"],"picked":"Blade Dance","floor":1},{"not_picked":["Dodge and Roll","Prepared"],"picked":"Dash","floor":2},{"not_picked":["Riddle With Holes","Prepared"],"picked":"Dagger Throw","floor":3},{"not_picked":["Concentrate","Deadly Poison"],"picked":"Backflip","floor":7},{"not_picked":["Riddle With Holes","Concentrate"],"picked":"Malaise","floor":10},{"not_picked":["Heel Hook","Acrobatics"],"picked":"Slice","floor":11},{"not_picked":["Blur","Catalyst"],"picked":"Leg Sweep","floor":12},{"not_picked":["Sucker Punch","Deflect"],"picked":"After Image","floor":14},{"not_picked":["Doppelganger","Unload"],"picked":"Glass Knife","floor":16},{"not_picked":["Bane","Deadly Poison"],"picked":"Deflect+1","floor":18},{"not_picked":["Prepared","Bane+1","Outmaneuver"],"picked":"SKIP","floor":22},{"not_picked":["Predator","Underhanded Strike+1"],"picked":"Terror","floor":24},{"not_picked":["Quick Slash+1","Flying Knee","Poisoned Stab+1"],"picked":"SKIP","floor":25},{"not_picked":["PiercingWail+1","Sucker Punch"],"picked":"A Thousand Cuts","floor":28},{"not_picked":["Prepared","Dagger Throw+1"],"picked":"Cloak And Dagger","floor":30},{"not_picked":["Bouncing Flask+1","Caltrops","Outmaneuver"],"picked":"SKIP","floor":31},{"not_picked":["Dodge and Roll+1","Dagger Spray"],"picked":"Outmaneuver+1","floor":35},{"not_picked":["Prepared+1","Dagger Throw+1"],"picked":"Backflip+1","floor":36},{"not_picked":["Secret Technique","Bandage Up"],"picked":"Finesse","floor":39},{"not_picked":["Terror+1","Acrobatics"],"picked":"Infinite Blades+1","floor":41},{"not_picked":["Malaise+1","Dagger Spray","Reflex"],"picked":"SKIP","floor":42},{"not_picked":["Setup+1","Underhanded Strike+1","Backflip"],"picked":"SKIP","floor":45},{"not_picked":["Backflip","Glass Knife"],"picked":"Malaise+1","floor":46},{"not_picked":["Acrobatics","Flying Knee","Eviscerate+1"],"picked":"SKIP","floor":48}],"player_experience":362985,"relics_obtained":[{"floor":9,"key":"Strawberry"},{"floor":10,"key":"Bronze Scales"},{"floor":12,"key":"Pen Nib"},{"floor":14,"key":"Blood Vial"},{"floor":20,"key":"Red Mask"},{"floor":21,"key":"Nilry\u0027s Codex"},{"floor":24,"key":"Bag of Preparation"},{"floor":26,"key":"Shuriken"},{"floor":28,"key":"Mango"},{"floor":31,"key":"Ice Cream"},{"floor":43,"key":"Regal Pillow"},{"floor":45,"key":"Orichalcum"}],"event_choices":[{"event_name":"Golden Idol","player_choice":"Lose Max HP","floor":4,"damage_taken":0},{"event_name":"Ghosts","player_choice":"Ignored","floor":19,"damage_taken":0},{"event_name":"Masked Bandits","player_choice":"Fought over 336 gold","floor":20,"damage_taken":0},{"event_name":"Cursed Tome","player_choice":"Obtained Book","floor":21,"damage_taken":0},{"event_name":"Winding Halls","player_choice":"Embrace Madness","floor":38,"damage_taken":0},{"event_name":"SensoryStone","player_choice":"Memory 1","floor":39,"damage_taken":0}],"boss_relics":[{"not_picked":["Calling Bell","Busted Crown"],"picked":"Sozu"},{"not_picked":["Philosopher\u0027s Stone","Eternal Feather"],"picked":"Empty Cage"}],"items_purged_floors":[29,37],"is_endless":false,"potions_floor_spawned":[1,2,10,11,16,25,28,30,31,35,42,45,46],"ascension_level":6}