{"gold_per_floor":[110,73,73,87,87,112,112,147,173,173,193,193,0,16,16,16],"floor_reached":16,"playtime":805,"items_purged":["Strike_G"],"score":173,"play_id":"8764a54e-2e38-443b-a0a0-7daf02454267","local_time":"20180730191014","is_ascension_mode":true,"campfire_choices":[{"data":"Neutralize","floor":7,"key":"SMITH"},{"floor":10,"key":"REST"},{"data":"Cloak And Dagger","floor":15,"key":"SMITH"}],"neow_cost":"NONE","seed_source_timestamp":1069850997646535,"circlet_count":0,"master_deck":["Defend_G+1","Defend_G","Defend_G","Defend_G","Defend_G","Strike_G","Strike_G","Strike_G","Survivor+1","Neutralize+1","AscendersBane","Slice","Flying Knee","Riddle With Holes","Storm of Steel+1","Dodge and Roll","Cloak And Dagger+1","Accuracy"],"relics":["Ring of the Snake","Dream Catcher","Anchor","War Paint"],"potions_floor_usage":[6,16,16],"damage_taken":[{"damage":0,"enemies":"Small Slimes","floor":1,"turns":4},{"damage":0,"enemies":"Jaw Worm","floor":4,"turns":6},{"damage":17,"enemies":"Gremlin Nob","floor":6,"turns":4},{"damage":32,"enemies":"3 Sentries","floor":8,"turns":10},{"damage":0,"enemies":"Cultist","floor":11,"turns":3},{"damage":0,"enemies":"Looter","floor":14,"turns":3},{"damage":41,"enemies":"Slime Boss","floor":16,"turns":8}],"seed_played":"-6430874327296745916","potions_obtained":[{"floor":8,"key":"Fire Potion"},{"floor":11,"key":"Dexterity Potion"}],"is_trial":false,"path_per_floor":["M","?","?","M","?","E","R","E","T","R","M","?","$","M","R"],"character_chosen":"THE_SILENT","items_purchased":["Cloak And Dagger","Accuracy"],"campfire_rested":1,"item_purchase_floors":[13,13],"current_hp_per_floor":[63,63,63,63,68,51,51,19,19,41,41,41,41,41,41,0],"gold":16,"neow_bonus":"THREE_SMALL_POTIONS","is_prod":false,"is_daily":false,"chose_seed":false,"campfire_upgraded":2,"win_rate":0,"timestamp":1532974214,"path_taken":["M","?","?","M","?","E","R","E","T","R","M","?","$","?","R","BOSS"],"build_version":"2018-07-26","purchased_purges":1,"victory":false,"max_hp_per_floor":[70,70,70,70,75,75,75,75,75,75,75,75,75,75,75,75],"card_choices":[{"not_picked":["Backflip","Calculated Gamble"],"picked":"Slice","floor":1},{"not_picked":["Dodge and Roll","Concentrate"],"picked":"Flying Knee","floor":4},{"not_picked":["Distraction","Endless Agony"],"picked":"Riddle With Holes","floor":6},{"not_picked":["Deflect","Flying Knee"],"picked":"Storm of Steel","floor":8},{"not_picked":["Endless Agony","Masterful Stab"],"picked":"Dodge and Roll","floor":10},{"not_picked":["Deadly Poison","Endless Agony","Underhanded Strike"],"picked":"SKIP","floor":11},{"not_picked":["Calculated Gamble","Underhanded Strike","Masterful Stab"],"picked":"SKIP","floor":14}],"player_experience":541145,"relics_obtained":[{"floor":6,"key":"Dream Catcher"},{"floor":8,"key":"Anchor"},{"floor":9,"key":"War Paint"}],"event_choices":[{"event_name":"World of Goop","player_choice":"Left","floor":2,"damage_taken":0},{"event_name":"Purifier","player_choice":"One Purge","floor":3,"damage_taken":0},{"event_name":"Big Fish","player_choice":"Donut","floor":5,"damage_taken":0},{"event_name":"Living Wall","player_choice":"Grow","floor":12,"damage_taken":0}],"is_beta":false,"boss_relics":[],"items_purged_floors":[13],"is_endless":false,"potions_floor_spawned":[8,11],"killed_by":"Slime Boss","ascension_level":12}