{"gold_per_floor":[117,117,129,144,155,155,217,217,217,217,233,40,58,58,58,58],"floor_reached":16,"playtime":1075,"items_purged":["Strike_G"],"score":153,"play_id":"c897a4af-4dba-4f48-8836-4395af01e727","local_time":"20180727000147","is_ascension_mode":true,"campfire_choices":[{"data":"Neutralize","floor":6,"key":"SMITH"},{"data":"After Image","floor":8,"key":"SMITH"},{"data":"Dagger Spray","floor":15,"key":"SMITH"}],"neow_cost":"","seed_source_timestamp":741471976487309,"circlet_count":0,"master_deck":["Defend_G","Defend_G","Defend_G","Defend_G","Defend_G","Strike_G","Strike_G","Strike_G","Survivor","Neutralize+1","AscendersBane","Flying Knee","Dagger Spray+1","Dagger Throw","Backflip","After Image+1","Backflip","Tactician"],"relics":["Ring of the Snake","Tiny Chest","Dodecahedron","Lantern","Golden Idol"],"potions_floor_usage":[7,16,16,16],"damage_taken":[{"damage":2,"enemies":"Small Slimes","floor":1,"turns":4},{"damage":0,"enemies":"Cultist","floor":3,"turns":4},{"damage":7,"enemies":"Jaw Worm","floor":4,"turns":4},{"damage":5,"enemies":"3 Louse","floor":5,"turns":4},{"damage":29,"enemies":"Lagavulin","floor":7,"turns":10},{"damage":0,"enemies":"Large Slime","floor":11,"turns":4},{"damage":0,"enemies":"Looter","floor":13,"turns":4},{"damage":50,"enemies":"Slime Boss","floor":16,"turns":8}],"seed_played":"-4177236575406999169","potions_obtained":[{"floor":5,"key":"Regen Potion"},{"floor":11,"key":"Explosive Potion"},{"floor":13,"key":"Poison Potion"}],"is_trial":false,"path_per_floor":["M","?","M","M","M","R","E","R","T","T","M","$","M","?","R"],"character_chosen":"THE_SILENT","items_purchased":["Regen Potion","Backflip"],"campfire_rested":0,"item_purchase_floors":[12,12],"current_hp_per_floor":[61,61,61,54,49,49,35,35,35,35,35,35,35,35,35,0],"gold":58,"neow_bonus":"","is_prod":false,"is_daily":false,"chose_seed":false,"campfire_upgraded":3,"win_rate":0,"timestamp":1532646107,"path_taken":["M","?","?","M","M","R","E","R","T","?","M","$","M","?","R","BOSS"],"build_version":"2018-07-19v2","purchased_purges":1,"victory":false,"max_hp_per_floor":[70,70,70,70,70,70,70,70,70,70,70,70,70,65,65,65],"card_choices":[{"not_picked":["Poisoned Stab","Dodge and Roll"],"picked":"Flying Knee","floor":1},{"not_picked":["Bane","Deflect"],"picked":"Dagger Spray","floor":3},{"not_picked":["PiercingWail","Underhanded Strike"],"picked":"Dagger Throw","floor":4},{"not_picked":["Dodge and Roll","Dagger Spray"],"picked":"Backflip","floor":5},{"not_picked":["Quick Slash","Blur"],"picked":"After Image","floor":7},{"not_picked":["Dagger Spray","Outmaneuver","Dagger Throw"],"picked":"SKIP","floor":11},{"not_picked":["Prepared","Slice"],"picked":"Tactician","floor":13}],"player_experience":480516,"relics_obtained":[{"floor":7,"key":"Tiny Chest"},{"floor":9,"key":"Dodecahedron"},{"floor":10,"key":"Lantern"}],"event_choices":[{"event_name":"Wheel of Change","player_choice":"Card Removal","floor":2,"damage_taken":0},{"event_name":"Golden Idol","player_choice":"Lose Max HP","floor":14,"damage_taken":0}],"is_beta":false,"boss_relics":[],"items_purged_floors":[12],"is_endless":false,"potions_floor_spawned":[5,11,13],"killed_by":"Slime Boss","ascension_level":10}