{"gold_per_floor":[114,134,147,162,237,237,263,309,309,309,92,110,10,41,41,145,145,162,182,281,291,310,310,325,325,351,379,395,100,111,129,129,225,225,235,235,43,88,104,133,133,146,146,146,157,157,157,184,184,184],"floor_reached":51,"playtime":5792,"items_purged":["Strike_G","Strike_G","Strike_G"],"score":1084,"play_id":"90057a4e-3df2-48bb-bba1-cabfdb5d9a51","local_time":"20180727084448","is_ascension_mode":true,"campfire_choices":[{"data":"Neutralize","floor":6.0,"key":"SMITH"},{"floor":10.0,"key":"REST"},{"data":"Cloak And Dagger","floor":15.0,"key":"SMITH"},{"floor":23.0,"key":"REST"},{"data":"Skewer","floor":25.0,"key":"SMITH"},{"floor":32.0,"key":"REST"},{"data":"Apotheosis","floor":44,"key":"SMITH"},{"floor":46,"key":"REST"},{"data":"After Image","floor":49,"key":"SMITH"}],"neow_cost":"NONE","seed_source_timestamp":0,"circlet_count":0,"master_deck":["Survivor","Neutralize+1","AscendersBane","Slice","Backflip","Dash","Cloak And Dagger+1","Well Laid Plans","Backstab","Adrenaline","Malaise","Cloak And Dagger","Backflip+1","PiercingWail","Skewer+1","Burst","Infinite Blades","Flash of Steel","Blur","Backflip","After Image+1","Dodge and Roll","Leg Sweep","Underhanded Strike","Bane","Predator","Masterful Stab","Blade Dance+1","Writhe","Apotheosis+1","Outmaneuver+1","Cloak And Dagger+1","Terror+1","Cloak And Dagger+1","Footwork","Cloak And Dagger+1","Cloak And Dagger+1","Accuracy+1"],"special_seed":0,"relics":["Ring of the Snake","Matryoshka","Potion Belt","Vajra","Strawberry","Question Card","Letter Opener","WristBlade","Regal Pillow","Mummified Hand","Pandora\u0027s Box","Prayer Wheel","Meat on the Bone","Toxic Egg 2","Du-Vu Doll","Snake Skull"],"potions_floor_usage":[45,50,50,50],"damage_taken":[{"damage":3.0,"enemies":"Cultist","floor":1.0,"turns":5.0},{"damage":1.0,"enemies":"Small Slimes","floor":2.0,"turns":4.0},{"damage":5.0,"enemies":"Jaw Worm","floor":3.0,"turns":6.0},{"damage":0.0,"enemies":"Exordium Wildlife","floor":4.0,"turns":4.0},{"damage":17.0,"enemies":"3 Sentries","floor":7.0,"turns":12.0},{"damage":0.0,"enemies":"3 Louse","floor":12.0,"turns":3.0},{"damage":12.0,"enemies":"Gremlin Nob","floor":14.0,"turns":4.0},{"damage":27.0,"enemies":"Hexaghost","floor":16.0,"turns":17.0},{"damage":7.0,"enemies":"2 Thieves","floor":18.0,"turns":4.0},{"damage":10.0,"enemies":"3 Byrds","floor":19.0,"turns":7.0},{"damage":17.0,"enemies":"3 Cultists","floor":21.0,"turns":6.0},{"damage":0.0,"enemies":"Centurion and Healer","floor":22.0,"turns":7.0},{"damage":11.0,"enemies":"Cultist and Chosen","floor":24.0,"turns":8.0},{"damage":20.0,"enemies":"Gremlin Leader","floor":27.0,"turns":11.0},{"damage":0.0,"enemies":"Snecko","floor":28.0,"turns":5.0},{"damage":0.0,"enemies":"Snake Plant","floor":30.0,"turns":5.0},{"damage":0.0,"enemies":"Slaver and Parasite","floor":31.0,"turns":5.0},{"damage":70.0,"enemies":"Automaton","floor":33.0,"turns":14.0},{"damage":7,"enemies":"Orb Walker","floor":35,"turns":4},{"damage":16,"floor":38,"turns":7},{"damage":0,"enemies":"3 Shapes","floor":39,"turns":4},{"damage":7,"enemies":"Giant Head","floor":40,"turns":7},{"damage":0,"enemies":"Maw","floor":42,"turns":6},{"damage":15,"enemies":"3 Darklings","floor":45,"turns":4},{"damage":6,"floor":47,"turns":5},{"damage":8,"enemies":"Nemesis","floor":48,"turns":5},{"damage":37,"enemies":"Donu and Deca","floor":50,"turns":11}],"seed_played":"4329327582904424558","potions_obtained":[{"floor":1.0,"key":"Weak Potion"},{"floor":4.0,"key":"Strength Potion"},{"floor":12.0,"key":"Swift Potion"},{"floor":18.0,"key":"Dexterity Potion"},{"floor":22.0,"key":"EssenceOfSteel"},{"floor":24.0,"key":"Energy Potion"},{"floor":28.0,"key":"Weak Potion"},{"floor":35,"key":"GhostInAJar"},{"floor":40,"key":"Weak Potion"},{"floor":42,"key":"SkillPotion"},{"floor":48,"key":"Regen Potion"}],"is_trial":false,"path_per_floor":["M","M","M","M","?","R","E","T","T","R","$","M","$","E","R","B",null,"M","M","?","M","M","R","M","R","T","E","M","$","M","M","R","B",null,"M","?","$","?","M","E","?","M","T","R","M","R","?","E","R","B"],"character_chosen":"THE_SILENT","items_purchased":["Fruit Juice","Backstab","Regen Potion","Flash of Steel","Apotheosis"],"campfire_rested":4,"item_purchase_floors":[11,11,29,29,37],"current_hp_per_floor":[60,59,54,54,43,43,26,26,33,56,56,61,61,49,49,22,67,60,50,50,33,33,57,46,46,46,26,26,26,40,40,79,9,64,57,78,78,62,62,55,55,55,55,55,52,82,76,68,68,46],"gold":184,"neow_bonus":"REMOVE_CARD","is_prod":false,"is_daily":false,"chose_seed":false,"campfire_upgraded":5,"win_rate":0,"timestamp":1532677488,"path_taken":["M","M","M","M","?","R","E","?","T","R","$","M","$","E","R","BOSS","M","M","?","M","M","R","M","R","T","E","M","$","?","M","R","BOSS","M","?","$","?","M","E","?","M","T","R","?","R","?","E","R","BOSS"],"build_version":"2018-07-26","purchased_purges":3,"victory":true,"max_hp_per_floor":[70,70,70,70,70,70,70,70,77,77,77,82,82,82,82,82,82,82,82,82,82,82,82,82,82,82,82,82,82,82,82,82,82,82,82,82,82,82,82,82,82,82,82,82,82,82,82,82,82,82],"card_choices":[{"not_picked":["Terror","Deadly Poison"],"picked":"Slice","floor":1.0},{"not_picked":["Crippling Poison","Concentrate"],"picked":"Backflip","floor":2.0},{"not_picked":["Choke","Cloak And Dagger"],"picked":"Dash","floor":3.0},{"not_picked":["Caltrops","Underhanded Strike"],"picked":"Cloak And Dagger","floor":4.0},{"not_picked":["Bouncing Flask","Dagger Throw"],"picked":"Well Laid Plans","floor":7.0},{"not_picked":["Flying Knee","Noxious Fumes","Dagger Spray"],"picked":"Adrenaline","floor":12.0},{"not_picked":["Corpse Explosion","Night Terror","Distraction"],"picked":"Wraith Form v2","floor":14.0},{"not_picked":["Night Terror","Unload","Phantasmal Killer"],"picked":"Malaise","floor":16.0},{"not_picked":["Dagger Spray","Expertise","Dodge and Roll"],"picked":"Cloak And Dagger","floor":18.0},{"not_picked":["Flying Knee","Masterful Stab","Setup","Calculated Gamble+1"],"picked":"SKIP","floor":19.0},{"not_picked":["Finisher","Deflect","Sucker Punch+1"],"picked":"Backflip+1","floor":21.0},{"not_picked":["Dagger Throw","Outmaneuver","Backflip"],"picked":"PiercingWail","floor":22.0},{"not_picked":["Flying Knee+1","Masterful Stab+1","Caltrops"],"picked":"Skewer","floor":24.0},{"not_picked":["Flying Knee+1","All Out Attack","Sucker Punch"],"picked":"Burst","floor":27.0},{"not_picked":["Deadly Poison","Masterful Stab","Quick Slash"],"picked":"Infinite Blades","floor":28.0},{"not_picked":["Dodge and Roll","Quick Slash","Deadly Poison"],"picked":"Blur","floor":30.0},{"not_picked":["Setup","Quick Slash","Die Die Die"],"picked":"Backflip","floor":31.0},{"not_picked":["Doppelganger","Glass Knife","Burst"],"picked":"After Image","floor":33.0},{"not_picked":["Deadly Poison","Quick Slash","Backflip+1"],"picked":"Blade Dance+1","floor":35},{"not_picked":["Dagger Spray","Bane+1","Quick Slash"],"picked":"Outmaneuver+1","floor":38},{"not_picked":["Quick Slash","Poisoned Stab","Deflect+1"],"picked":"Cloak And Dagger+1","floor":39},{"not_picked":["Caltrops","Slice","Dagger Throw+1"],"picked":"Terror+1","floor":39},{"not_picked":["Outmaneuver","Dagger Spray+1","Night Terror","Blur"],"picked":"SKIP","floor":40},{"not_picked":["Expertise","Outmaneuver+1","Blur"],"picked":"Cloak And Dagger+1","floor":42},{"not_picked":["Underhanded Strike","Concentrate+1","Calculated Gamble+1"],"picked":"Footwork","floor":42},{"not_picked":["Choke","Heel Hook+1","Backflip+1"],"picked":"Cloak And Dagger+1","floor":45},{"not_picked":["Dodge and Roll+1","Slice+1","Dagger Throw+1"],"picked":"Cloak And Dagger+1","floor":45},{"not_picked":["Underhanded Strike","Night Terror+1","Concentrate+1"],"picked":"Accuracy+1","floor":47},{"not_picked":["Predator","Dagger Spray+1","Endless Agony+1","PiercingWail+1"],"picked":"SKIP","floor":48}],"player_experience":481591,"relics_obtained":[{"floor":7.0,"key":"Matryoshka"},{"floor":8.0,"key":"Potion Belt"},{"floor":8.0,"key":"Vajra"},{"floor":9.0,"key":"Strawberry"},{"floor":9.0,"key":"Question Card"},{"floor":14.0,"key":"Letter Opener"},{"floor":26.0,"key":"Regal Pillow"},{"floor":27.0,"key":"Mummified Hand"},{"floor":38,"key":"Prayer Wheel"},{"floor":40,"key":"Meat on the Bone"},{"floor":43,"key":"Toxic Egg 2"},{"floor":47,"key":"Du-Vu Doll"},{"floor":48,"key":"Snake Skull"}],"event_choices":[{"event_name":"World of Goop","player_choice":"Gather Gold","floor":5.0,"damage_taken":0.0},{"event_name":"Nest","player_choice":"Stole From Cult","floor":20.0,"damage_taken":0.0},{"event_name":"Winding Halls","player_choice":"Writhe","floor":36,"damage_taken":0},{"event_name":"Mysterious Sphere","player_choice":"Fight","floor":38,"damage_taken":0},{"event_name":"Falling","player_choice":"Removed Power","floor":41,"damage_taken":0},{"event_name":"MindBloom","player_choice":"Fight","floor":47,"damage_taken":0}],"is_beta":false,"boss_relics":[{"not_picked":["Runic Pyramid","HoveringKite"],"picked":"WristBlade"},{"not_picked":["Runic Dome","Black Star"],"picked":"Pandora\u0027s Box"}],"items_purged_floors":[11,13,29],"is_endless":false,"potions_floor_spawned":[1,4,12,18,22,24,28,35,40,42,48],"ascension_level":10}