{"gold_per_floor":[119,134,145,158,258,258,290,337,337,337,337,131,149,179,179,281,281,300,399,414,86,105,105,134,147,198,198,210,222,252,262,262,357,357,375,375,103,118,135,135,163,163,163,114,145,145,162,16,16,16],"floor_reached":51,"playtime":5833,"items_purged":["Strike_G","Strike_G","Strike_G"],"score":1095,"play_id":"f65b2603-b7bd-4306-9906-8c4253f65166","local_time":"20180722004244","is_ascension_mode":true,"campfire_choices":[{"data":"Neutralize","floor":6,"key":"SMITH"},{"floor":11,"key":"REST"},{"data":"Noxious Fumes","floor":15,"key":"SMITH"},{"data":"Footwork","floor":23,"key":"SMITH"},{"floor":27,"key":"REST"},{"floor":32,"key":"REST"},{"data":"Strike_G","floor":40,"key":"PURGE"},{"floor":46,"key":"REST"},{"data":"Defend_G","floor":49,"key":"PURGE"}],"neow_cost":"NONE","seed_source_timestamp":307155774318795,"circlet_count":0,"master_deck":["Defend_G","Defend_G","Defend_G","Defend_G","Survivor+1","Neutralize+1","Cloak And Dagger+1","Quick Slash","Dodge and Roll","Footwork+1","Dagger Spray","Noxious Fumes+1","Escape Plan","Adrenaline","After Image","Escape Plan+1","Leg Sweep","Noxious Fumes","Dodge and Roll","Infinite Blades+1","PiercingWail+1","Backflip+1","Adrenaline+1","Backstab","Adrenaline+1","Concentrate+1","Well Laid Plans","Escape Plan+1","Outmaneuver+1","Cloak And Dagger+1","Footwork+1","Outmaneuver+1","Concentrate+1","Infinite Blades+1"],"relics":["Ring of the Snake","Question Card","Happy Flower","Peace Pipe","War Paint","Black Star","Bronze Scales","Shuriken","Toxic Egg 2","Snake Skull","Torii","Unceasing Top","Cursed Key","Incense Burner","Gambling Chip","Thread and Needle","Lantern"],"potions_floor_usage":[22,30,31,33],"damage_taken":[{"damage":0,"enemies":"2 Louse","floor":1,"turns":5},{"damage":0,"enemies":"Cultist","floor":2,"turns":5},{"damage":1,"enemies":"Jaw Worm","floor":3,"turns":4},{"damage":1,"enemies":"2 Fungi Beasts","floor":4,"turns":5},{"damage":42,"enemies":"Lagavulin","floor":7,"turns":15},{"damage":6,"enemies":"Gremlin Gang","floor":13,"turns":4},{"damage":1,"enemies":"3 Sentries","floor":14,"turns":11},{"damage":12,"enemies":"Slime Boss","floor":16,"turns":13},{"damage":0,"enemies":"Chosen","floor":18,"turns":6},{"damage":0,"enemies":"Shell Parasite","floor":20,"turns":9},{"damage":3,"enemies":"3 Cultists","floor":22,"turns":4},{"damage":13,"enemies":"Gremlin Leader","floor":24,"turns":8},{"damage":14,"enemies":"Snake Plant","floor":25,"turns":6},{"damage":11,"enemies":"Centurion and Healer","floor":28,"turns":8},{"damage":4,"enemies":"3 Cultists","floor":29,"turns":5},{"damage":4,"enemies":"Book of Stabbing","floor":30,"turns":6},{"damage":7,"enemies":"Chosen and Byrds","floor":31,"turns":5},{"damage":14,"enemies":"Collector","floor":33,"turns":9},{"damage":9,"enemies":"3 Darklings","floor":35,"turns":4},{"damage":0,"enemies":"Flame Bruiser 1 Orb","floor":38,"turns":6},{"damage":0,"enemies":"Transient","floor":39,"turns":5},{"damage":11,"enemies":"2 Orb Walkers","floor":41,"turns":6},{"damage":1,"enemies":"Nemesis","floor":45,"turns":9},{"damage":0,"enemies":"4 Shapes","floor":47,"turns":6},{"damage":0,"enemies":"Donu and Deca","floor":50,"turns":7}],"seed_played":"4729391224173172142","potions_obtained":[{"floor":1,"key":"SpeedPotion"},{"floor":7,"key":"GhostInAJar"},{"floor":16,"key":"PowerPotion"},{"floor":25,"key":"SpeedPotion"},{"floor":30,"key":"Fire Potion"},{"floor":35,"key":"GhostInAJar"},{"floor":38,"key":"Dexterity Potion"}],"is_trial":false,"path_per_floor":["M","M","M","M","?","R","E","T","T","?","R","$","M","E","R","B",null,"M","?","M","$","M","R","E","M","T","R","M","M","E","M","R","B",null,"M","T","$","M","M","R","E","?","T","$","E","R","M","$","R","B"],"character_chosen":"THE_SILENT","items_purchased":["Noxious Fumes","Dexterity Potion","Bronze Scales","Noxious Fumes","Well Laid Plans","Escape Plan+1","Outmaneuver+1","Lantern"],"campfire_rested":4,"item_purchase_floors":[12,12,21,21,37,37,44,48],"current_hp_per_floor":[63,63,62,61,61,61,19,19,19,19,40,40,34,33,33,21,58,58,58,58,58,55,55,42,28,28,49,38,34,30,23,44,30,60,51,51,51,51,51,51,40,40,40,40,39,60,60,60,60,60],"gold":16,"neow_bonus":"TRANSFORM_CARD","is_prod":false,"is_daily":false,"chose_seed":false,"campfire_upgraded":3,"win_rate":0,"timestamp":1532216564,"path_taken":["M","M","M","M","?","R","E","?","T","?","R","$","M","E","R","BOSS","M","?","M","$","M","R","E","?","T","R","M","M","E","M","R","BOSS","M","?","$","M","M","R","E","?","T","$","E","R","M","$","R","BOSS"],"build_version":"2018-07-19v2","purchased_purges":3,"victory":true,"max_hp_per_floor":[70,70,70,70,70,70,70,70,70,70,70,70,70,70,70,70,70,70,70,70,70,70,70,70,70,70,70,70,70,70,70,70,70,70,70,70,70,70,70,70,70,70,70,70,70,70,70,70,70,70],"card_choices":[{"not_picked":["Catalyst","Quick Slash"],"picked":"Cloak And Dagger","floor":1},{"not_picked":["Dodge and Roll","Deadly Poison"],"picked":"Quick Slash","floor":2},{"not_picked":["Heel Hook","Bane"],"picked":"Dodge and Roll","floor":3},{"not_picked":["Riddle With Holes","Prepared"],"picked":"Footwork","floor":4},{"not_picked":["All Out Attack","Sucker Punch"],"picked":"Dagger Spray","floor":7},{"not_picked":["Dagger Spray","Outmaneuver","Distraction"],"picked":"Escape Plan","floor":13},{"not_picked":["Predator","Blade Dance","Bouncing Flask"],"picked":"Adrenaline","floor":14},{"not_picked":["Night Terror","Tools of the Trade","Adrenaline"],"picked":"After Image","floor":16},{"not_picked":["Flechettes","Underhanded Strike","Acrobatics"],"picked":"Escape Plan+1","floor":18},{"not_picked":["Acrobatics","Prepared","Poisoned Stab+1"],"picked":"Leg Sweep","floor":20},{"not_picked":["All Out Attack+1","Heel Hook","Leg Sweep"],"picked":"Dodge and Roll","floor":22},{"not_picked":["Endless Agony","Slice","Terror+1"],"picked":"Infinite Blades+1","floor":24},{"not_picked":["Underhanded Strike","Slice+1","Tools of the Trade"],"picked":"PiercingWail+1","floor":25},{"not_picked":["Poisoned Stab","Dagger Throw","Finisher"],"picked":"Backflip+1","floor":28},{"not_picked":["Quick Slash","Flying Knee","Sucker Punch","Catalyst+1"],"picked":"SKIP","floor":29},{"not_picked":["Distraction+1","Bane","Underhanded Strike"],"picked":"Adrenaline+1","floor":30},{"not_picked":["Eviscerate","Dagger Throw","Underhanded Strike+1"],"picked":"Backstab","floor":31},{"not_picked":["Wraith Form v2","Storm of Steel+1","Die Die Die"],"picked":"Adrenaline+1","floor":33},{"not_picked":["Backstab+1","Dagger Throw","PiercingWail+1"],"picked":"Concentrate+1","floor":35},{"not_picked":["Deadly Poison+1","Sucker Punch+1","Prepared+1"],"picked":"Outmaneuver+1","floor":38},{"not_picked":["Dagger Throw","Poisoned Stab+1","Flying Knee+1"],"picked":"Cloak And Dagger+1","floor":39},{"not_picked":["Cloak And Dagger+1","Underhanded Strike+1","Tools of the Trade"],"picked":"Footwork+1","floor":41},{"not_picked":["PiercingWail+1","Underhanded Strike","Poisoned Stab+1"],"picked":"Concentrate+1","floor":45},{"not_picked":["Quick Slash+1","Backflip+1","Bane"],"picked":"Infinite Blades+1","floor":47}],"player_experience":404900,"relics_obtained":[{"floor":7,"key":"Question Card"},{"floor":8,"key":"Happy Flower"},{"floor":9,"key":"Peace Pipe"},{"floor":14,"key":"War Paint"},{"floor":24,"key":"Shuriken"},{"floor":24,"key":"Toxic Egg 2"},{"floor":26,"key":"Snake Skull"},{"floor":30,"key":"Torii"},{"floor":30,"key":"Unceasing Top"},{"floor":41,"key":"Incense Burner"},{"floor":45,"key":"Gambling Chip"},{"floor":45,"key":"Thread and Needle"}],"event_choices":[{"event_name":"Golden Shrine","player_choice":"Pray","floor":5,"damage_taken":0},{"event_name":"Wheel of Change","player_choice":"Card Removal","floor":10,"damage_taken":0},{"event_name":"Nest","player_choice":"Stole From Cult","floor":19,"damage_taken":0},{"event_name":"Match and Keep!","player_choice":"0 cards matched","floor":42,"damage_taken":0}],"is_beta":false,"boss_relics":[{"not_picked":["Busted Crown","HoveringKite"],"picked":"Black Star"},{"not_picked":["WristBlade","Ring of the Serpent"],"picked":"Cursed Key"}],"items_purged_floors":[12,21,37],"is_endless":false,"potions_floor_spawned":[1,7,13,16,18,20,25,30,35,38,45,47],"ascension_level":8}