{"gold_per_floor":[219,219,233,86,99,99,137,152,152,152,187,139,154,193,193,289,289,310,235,235,235,249,249,263,263,263,275,301,48,48,48,48,122,122,142,142,161,177,177,177,206,206,206,4,18,29,42,0,0,0],"floor_reached":51,"playtime":3384,"items_purged":["Injury","Strike_G"],"score":1223,"play_id":"7afb7aa8-3e51-41c5-a744-5f696457b56a","local_time":"20180803211923","is_ascension_mode":true,"campfire_choices":[{"data":"Neutralize","floor":6,"key":"SMITH"},{"data":"Noxious Fumes","floor":10,"key":"SMITH"},{"floor":15,"key":"REST"},{"data":"Cloak And Dagger","floor":23,"key":"SMITH"},{"floor":25,"key":"REST"},{"floor":32,"key":"REST"},{"data":"Apotheosis","floor":40,"key":"SMITH"},{"data":"Well Laid Plans","floor":42,"key":"SMITH"},{"floor":49,"key":"REST"}],"neow_cost":"NONE","seed_source_timestamp":1420612007451812,"circlet_count":0,"master_deck":["Defend_G","Defend_G","Defend_G","Defend_G","Defend_G","Strike_G","Strike_G","Strike_G","Survivor","Neutralize+1","AscendersBane","Dagger Spray","Noxious Fumes+1","Well Laid Plans+1","Slice","Noxious Fumes","Leg Sweep","Cloak And Dagger+1","Backflip","Malaise","Backflip+1","Footwork+1","Cloak And Dagger","Infinite Blades","PiercingWail","Apotheosis+1","Dodge and Roll+1","Caltrops"],"relics":["Ring of the Serpent","Bloody Idol","Bottled Tornado","Pear","Mercury Hourglass","Molten Egg 2","Singing Bowl","Ornamental Fan","Velvet Choker","Bag of Marbles","Matryoshka","Bronze Scales","Red Mask"],"potions_floor_usage":[11,28,28,33,38,46,47],"damage_taken":[{"damage":0,"enemies":"2 Louse","floor":1,"turns":4},{"damage":2,"enemies":"Jaw Worm","floor":3,"turns":5},{"damage":0,"enemies":"Small Slimes","floor":5,"turns":2},{"damage":15,"enemies":"Lagavulin","floor":7,"turns":9},{"damage":5,"enemies":"Blue Slaver","floor":8,"turns":5},{"damage":8,"enemies":"Gremlin Nob","floor":11,"turns":5},{"damage":14,"enemies":"Looter","floor":13,"turns":3},{"damage":5,"enemies":"Lagavulin","floor":14,"turns":7},{"damage":11,"enemies":"Hexaghost","floor":16,"turns":10},{"damage":5,"enemies":"3 Byrds","floor":18,"turns":4},{"damage":30,"enemies":"2 Thieves","floor":22,"turns":5},{"damage":18,"enemies":"Cultist and Chosen","floor":24,"turns":7},{"damage":8,"enemies":"Snake Plant","floor":27,"turns":6},{"damage":27,"enemies":"Slavers","floor":28,"turns":5},{"damage":56,"enemies":"Collector","floor":33,"turns":12},{"damage":2,"enemies":"3 Shapes","floor":35,"turns":6},{"damage":5,"enemies":"3 Darklings","floor":37,"turns":5},{"damage":14,"enemies":"4 Shapes","floor":38,"turns":5},{"damage":0,"enemies":"Nemesis","floor":41,"turns":11},{"damage":0,"enemies":"Maw","floor":45,"turns":9},{"damage":14,"enemies":"Flame Bruiser 2 Orb","floor":46,"turns":6},{"damage":40,"enemies":"Transient","floor":47,"turns":5},{"damage":40,"enemies":"Time Eater","floor":50,"turns":14}],"seed_played":"-5139608360463265632","potions_obtained":[{"floor":3,"key":"Fire Potion"},{"floor":5,"key":"Block Potion"},{"floor":16,"key":"SteroidPotion"},{"floor":22,"key":"Block Potion"},{"floor":33,"key":"Poison Potion"},{"floor":35,"key":"Regen Potion"},{"floor":37,"key":"Fruit Juice"},{"floor":41,"key":"Ancient Potion"}],"is_trial":false,"path_per_floor":["M","?","M","$","M","R","E","M","T","R","E","?","M","E","R","B",null,"M","?","?","?","M","R","M","R","T","M","E","$","?","?","R","B",null,"M","?","M","M","?","R","E","R","T","$","M","M","M","?","R","B"],"character_chosen":"THE_SILENT","items_purchased":["Well Laid Plans","Infinite Blades","Regen Potion","Bronze Scales","PowerPotion"],"campfire_rested":4,"item_purchase_floors":[4,29,29,44,44],"current_hp_per_floor":[59,59,57,57,57,57,42,37,47,47,39,39,25,20,42,31,65,60,60,60,60,40,40,27,49,49,46,24,24,24,24,46,12,62,65,62,64,60,60,60,65,65,65,65,72,80,47,47,74,34],"gold":0,"neow_bonus":"HUNDRED_GOLD","is_prod":false,"is_daily":false,"chose_seed":false,"campfire_upgraded":5,"win_rate":0,"timestamp":1533327563,"path_taken":["M","?","M","$","M","R","E","M","T","R","E","?","M","E","R","BOSS","M","?","?","?","?","R","M","R","T","M","E","$","?","?","R","BOSS","M","?","M","M","?","R","E","R","T","$","M","M","?","?","R","BOSS"],"build_version":"2018-08-02","purchased_purges":2,"victory":true,"max_hp_per_floor":[66,66,66,66,66,66,66,66,76,76,76,76,76,76,76,76,76,76,76,76,76,76,76,76,76,76,76,76,76,76,76,76,78,78,78,80,82,87,87,87,87,87,87,87,89,91,93,93,93,93],"card_choices":[{"not_picked":["Flying Knee","Sucker Punch"],"picked":"Dagger Spray","floor":1},{"not_picked":["Blur","Quick Slash"],"picked":"Noxious Fumes","floor":3},{"not_picked":["Acrobatics","PiercingWail"],"picked":"Slice","floor":5},{"not_picked":["PiercingWail","Heel Hook"],"picked":"Noxious Fumes","floor":7},{"not_picked":["PiercingWail","Flying Knee"],"picked":"Leg Sweep","floor":8},{"not_picked":["Heel Hook","Riddle With Holes"],"picked":"Cloak And Dagger","floor":11},{"not_picked":["Distraction","Deadly Poison","Skewer"],"picked":"SKIP","floor":13},{"not_picked":["Tactician","Quick Slash"],"picked":"Backflip","floor":14},{"not_picked":["Night Terror","Burst"],"picked":"Malaise","floor":16},{"not_picked":["Dagger Spray+1","Poisoned Stab+1","Distraction"],"picked":"SKIP","floor":18},{"not_picked":["Predator+1","Blade Dance","Riddle With Holes+1"],"picked":"SKIP","floor":22},{"not_picked":["Dagger Spray+1","Venomology"],"picked":"Backflip+1","floor":24},{"not_picked":["PiercingWail","Concentrate"],"picked":"Footwork+1","floor":27},{"not_picked":["Sucker Punch+1","Predator+1"],"picked":"Cloak And Dagger","floor":28},{"not_picked":["Storm of Steel","Phantasmal Killer","Burst"],"picked":"Singing Bowl","floor":33},{"not_picked":["Flying Knee+1","Leg Sweep"],"picked":"PiercingWail","floor":35},{"not_picked":["Mind Blast+1","Trip"],"picked":"Apotheosis","floor":36},{"not_picked":["Finesse","Flash of Steel+1","Thinking Ahead"],"picked":"Singing Bowl","floor":36},{"not_picked":["Acrobatics","Deadly Poison","Outmaneuver+1"],"picked":"Singing Bowl","floor":37},{"not_picked":["Slice+1","Eviscerate+1"],"picked":"Dodge and Roll+1","floor":38},{"not_picked":["Poisoned Stab+1","Expertise"],"picked":"Caltrops","floor":41},{"not_picked":["A Thousand Cuts","Expertise","Leg Sweep"],"picked":"Singing Bowl","floor":45},{"not_picked":["Blade Dance","Slice+1","Flechettes+1"],"picked":"Singing Bowl","floor":46},{"not_picked":["Blade Dance+1","Backstab+1","Flying Knee+1"],"picked":"Singing Bowl","floor":47}],"player_experience":587015,"relics_obtained":[{"floor":7,"key":"Bottled Tornado"},{"floor":9,"key":"Pear"},{"floor":11,"key":"Mercury Hourglass"},{"floor":14,"key":"Molten Egg 2"},{"floor":26,"key":"Singing Bowl"},{"floor":28,"key":"Ornamental Fan"},{"floor":41,"key":"Bag of Marbles"},{"floor":43,"key":"Matryoshka"}],"event_choices":[{"event_name":"Golden Idol","player_choice":"Take Wound","floor":2,"damage_taken":0},{"event_name":"World of Goop","player_choice":"Left","floor":12,"damage_taken":0},{"event_name":"Beggar","player_choice":"Gave Gold","floor":19,"damage_taken":0},{"event_name":"Forgotten Altar","player_choice":"Gave Idol","floor":20,"damage_taken":0},{"event_name":"Addict","player_choice":"Ignored","floor":21,"damage_taken":0},{"event_name":"Vampires","player_choice":"Ignored","floor":30,"damage_taken":0},{"event_name":"The Mausoleum","player_choice":"No","floor":31,"damage_taken":0},{"event_name":"SensoryStone","player_choice":"Memory 2","floor":36,"damage_taken":0},{"event_name":"Mysterious Sphere","player_choice":"Ignore","floor":39,"damage_taken":0},{"event_name":"Tomb of Lord Red Mask","player_choice":"Paid","floor":48,"damage_taken":0}],"is_beta":false,"boss_relics":[{"not_picked":["Pandora\u0027s Box","Runic Dome"],"picked":"Ring of the Serpent"},{"not_picked":["Coffee Dripper","Tiny House"],"picked":"Velvet Choker"}],"items_purged_floors":[4,29],"is_endless":false,"potions_floor_spawned":[3,5,8,16,22,27,33,35,37,41],"ascension_level":14}