{"gold_per_floor":[361,536,136,136,136,167,167,177,202,277,277,277,288,306,306,409,409,422,422,17,28,48,48,74,74,74,86,1,1,11,11,11,113,113,124,124,1,19,33,63,73,103,103,103,114,114,127,137,137,137],"floor_reached":51,"playtime":4412,"items_purged":["Shame","Doubt","Strike_G"],"score":727,"play_id":"2ac2c02b-5415-454d-ad60-9907286d78a3","local_time":"20181114235556","is_ascension_mode":false,"campfire_choices":[{"data":"Envenom","floor":7,"key":"SMITH"},{"floor":11,"key":"REST"},{"data":"Dagger Spray","floor":15,"key":"SMITH"},{"floor":23,"key":"REST"},{"floor":25,"key":"REST"},{"floor":32,"key":"REST"},{"floor":44,"key":"REST"},{"floor":46,"key":"REST"},{"floor":49,"key":"REST"}],"neow_cost":"CURSE","seed_source_timestamp":16877719626907,"circlet_count":0,"master_deck":["Defend_G","Defend_G+1","Defend_G+1","Defend_G","Defend_G","Strike_G","Strike_G","Strike_G+1","Survivor+1","Neutralize","Cloak And Dagger","Cloak And Dagger+1","Deflect","Envenom+1","Dodge and Roll","Backflip","Dagger Spray+1","Tools of the Trade","Slice","Leg Sweep+1","Escape Plan","Infinite Blades","Infinite Blades","Normality","Parasite","Injury","Blade Dance+1","Finisher+1","Distraction+1","Dodge and Roll+1","Noxious Fumes+1","Well Laid Plans+1"],"relics":["Ring of the Snake","Blue Candle","War Paint","Happy Flower","Vajra","Fusion Hammer","GremlinMask","Dead Branch","Lantern","Mummified Hand","Bag of Preparation","Du-Vu Doll","Calling Bell","Smiling Mask","Darkstone Periapt","Pocketwatch","Sundial","The Courier","Gremlin Horn"],"potions_floor_usage":[6,33,40,50,50,50],"damage_taken":[{"damage":2,"enemies":"Jaw Worm","floor":1,"turns":6},{"damage":30,"enemies":"Gremlin Nob","floor":6,"turns":6},{"damage":0,"enemies":"2 Louse","floor":8,"turns":3},{"damage":0,"enemies":"Small Slimes","floor":13,"turns":3},{"damage":1,"enemies":"Looter","floor":14,"turns":3},{"damage":34,"enemies":"The Guardian","floor":16,"turns":11},{"damage":0,"enemies":"Chosen","floor":18,"turns":5},{"damage":14,"enemies":"Spheric Guardian","floor":21,"turns":4},{"damage":0,"enemies":"Snecko","floor":22,"turns":8},{"damage":27,"enemies":"Slavers","floor":24,"turns":7},{"damage":0,"enemies":"Centurion and Healer","floor":27,"turns":6},{"damage":9,"enemies":"Shelled Parasite and Fungi","floor":30,"turns":4},{"damage":9,"enemies":"Collector","floor":33,"turns":8},{"damage":1,"enemies":"3 Shapes","floor":35,"turns":3},{"damage":3,"enemies":"Orb Walker","floor":38,"turns":3},{"damage":3,"enemies":"Maw","floor":39,"turns":5},{"damage":42,"enemies":"Nemesis","floor":40,"turns":5},{"damage":1,"enemies":"Transient","floor":41,"turns":5},{"damage":1,"enemies":"Giant Head","floor":42,"turns":5},{"damage":1,"enemies":"3 Darklings","floor":45,"turns":4},{"damage":0,"enemies":"Maw","floor":47,"turns":5},{"damage":0,"enemies":"Transient","floor":48,"turns":5},{"damage":48,"enemies":"Time Eater","floor":50,"turns":11}],"seed_played":"-978025932602766342","potions_obtained":[{"floor":1,"key":"Regen Potion"},{"floor":6,"key":"SmokeBomb"},{"floor":14,"key":"Ancient Potion"},{"floor":21,"key":"SkillPotion"},{"floor":24,"key":"Block Potion"},{"floor":27,"key":"LiquidBronze"},{"floor":38,"key":"SpeedPotion"},{"floor":40,"key":"Block Potion"},{"floor":45,"key":"GhostInAJar"}],"is_trial":false,"path_per_floor":["M","?","$","?","?","E","R","M","T","?","R","?","M","M","R","B",null,"M","?","$","M","M","R","E","R","T","M","?","?","M","T","R","B",null,"M","?","$","M","M","E","M","E","T","R","M","R","M","M","R","B",null],"character_chosen":"THE_SILENT","items_purchased":["Cloak And Dagger","Blue Candle","Deflect","Dead Branch","Regen Potion"],"campfire_rested":7,"item_purchase_floors":[3,3,3,20,37],"current_hp_per_floor":[68,68,68,54,54,38,38,38,38,27,48,41,41,40,40,6,70,70,70,70,56,56,70,43,64,64,64,64,64,55,55,70,61,70,69,69,69,66,63,33,32,31,31,52,51,70,70,70,70,22],"gold":137,"neow_bonus":"TWO_FIFTY_GOLD","is_prod":false,"is_daily":false,"chose_seed":false,"campfire_upgraded":2,"win_rate":0,"timestamp":1542239756,"path_taken":["M","?","$","?","?","E","R","M","T","?","R","?","M","M","R","BOSS","M","?","$","M","M","R","E","R","T","?","?","?","M","?","R","BOSS","M","?","$","M","M","E","M","E","T","R","M","R","M","M","R","BOSS"],"build_version":"2018-11-08","purchased_purges":3,"victory":true,"max_hp_per_floor":[70,70,70,70,70,70,70,70,70,70,70,70,70,70,70,70,70,70,70,70,70,70,70,70,70,70,70,70,70,70,70,70,70,70,70,70,70,70,70,70,70,70,70,70,70,70,70,70,70,70],"card_choices":[{"not_picked":["Bouncing Flask","Poisoned Stab"],"picked":"Cloak And Dagger","floor":1},{"not_picked":["Deflect","Cloak And Dagger"],"picked":"Envenom","floor":6},{"not_picked":["All Out Attack","Bane"],"picked":"Dodge and Roll","floor":8},{"not_picked":["Predator","Dodge and Roll"],"picked":"Backflip","floor":13},{"not_picked":["Concentrate","Quick Slash"],"picked":"Dagger Spray","floor":14},{"not_picked":["Corpse Explosion","Glass Knife"],"picked":"Tools of the Trade","floor":16},{"not_picked":["Deadly Poison","Cloak And Dagger"],"picked":"Slice","floor":18},{"not_picked":["Catalyst","Dodge and Roll"],"picked":"Leg Sweep+1","floor":21},{"not_picked":["Prepared","Bane","Poisoned Stab"],"picked":"SKIP","floor":22},{"not_picked":["Venomology","Backflip"],"picked":"Escape Plan","floor":24},{"not_picked":["Masterful Stab+1","Predator","Heel Hook"],"picked":"SKIP","floor":27},{"not_picked":["Backflip","Finisher"],"picked":"Infinite Blades","floor":30},{"not_picked":["Quick Slash","Dagger Throw+1"],"picked":"Blade Dance+1","floor":35},{"not_picked":["Masterful Stab+1","Bouncing Flask"],"picked":"Finisher+1","floor":38},{"not_picked":["Outmaneuver","Acrobatics+1"],"picked":"Distraction+1","floor":39},{"not_picked":["PiercingWail+1","Finisher"],"picked":"Dodge and Roll+1","floor":40},{"not_picked":["Tactician+1","Dash+1"],"picked":"Noxious Fumes+1","floor":41},{"not_picked":["Flying Knee","Acrobatics","Dodge and Roll"],"picked":"SKIP","floor":42},{"not_picked":["Catalyst","Quick Slash+1"],"picked":"Well Laid Plans+1","floor":45},{"not_picked":["Slice","Deadly Poison+1","Concentrate+1"],"picked":"SKIP","floor":47},{"not_picked":["Cloak And Dagger","Bane","Underhanded Strike"],"picked":"SKIP","floor":48}],"player_experience":639697,"relics_obtained":[{"floor":6,"key":"War Paint"},{"floor":9,"key":"Happy Flower"},{"floor":24,"key":"Lantern"},{"floor":26,"key":"Mummified Hand"},{"floor":31,"key":"Du-Vu Doll"},{"floor":34,"key":"Smiling Mask"},{"floor":34,"key":"Darkstone Periapt"},{"floor":34,"key":"Pocketwatch"},{"floor":40,"key":"Sundial"},{"floor":42,"key":"The Courier"},{"floor":43,"key":"Gremlin Horn"}],"event_choices":[{"damage_healed":0,"gold_gain":175,"player_choice":"AGREE","damage_taken":0,"max_hp_gain":0,"max_hp_loss":0,"event_name":"Liars Game","floor":2,"gold_loss":0,"cards_obtained":["Doubt"]},{"damage_healed":0,"gold_gain":0,"player_choice":"Entered Light","damage_taken":14,"max_hp_gain":0,"max_hp_loss":0,"event_name":"Shining Light","floor":4,"gold_loss":0,"cards_upgraded":["Survivor","Strike_G"]},{"damage_healed":0,"gold_gain":0,"player_choice":"Grow","damage_taken":0,"max_hp_gain":0,"max_hp_loss":0,"event_name":"Living Wall","floor":5,"gold_loss":0,"cards_upgraded":["Cloak And Dagger"]},{"damage_healed":0,"gold_gain":75,"player_choice":"Gather Gold","damage_taken":11,"max_hp_gain":0,"max_hp_loss":0,"event_name":"World of Goop","floor":10,"gold_loss":0},{"damage_healed":0,"gold_gain":0,"player_choice":"Success","damage_taken":7,"relics_obtained":["Vajra"],"max_hp_gain":0,"max_hp_loss":0,"event_name":"Scrap Ooze","floor":12,"gold_loss":0},{"damage_healed":0,"gold_gain":0,"player_choice":"Trade","damage_taken":0,"relics_obtained":["GremlinMask"],"max_hp_gain":0,"max_hp_loss":0,"event_name":"FaceTrader","floor":19,"gold_loss":0},{"damage_healed":0,"gold_gain":0,"player_choice":"Obtained Relic","damage_taken":0,"relics_obtained":["Bag of Preparation"],"max_hp_gain":0,"max_hp_loss":0,"event_name":"Addict","floor":28,"gold_loss":85},{"damage_healed":0,"gold_gain":0,"player_choice":"Read","damage_taken":0,"max_hp_gain":0,"max_hp_loss":0,"event_name":"The Library","floor":29,"gold_loss":0,"cards_obtained":["Infinite Blades"]},{"cards_removed":["Strike_G"],"damage_healed":0,"gold_gain":0,"player_choice":"Removed Attack","damage_taken":0,"max_hp_gain":0,"max_hp_loss":0,"event_name":"Falling","floor":36,"gold_loss":0}],"is_beta":false,"boss_relics":[{"not_picked":["Pandora\u0027s Box","Coffee Dripper"],"picked":"Fusion Hammer"},{"not_picked":["Tiny House","Runic Dome"],"picked":"Calling Bell"}],"items_purged_floors":[3,20,37],"is_endless":false,"potions_floor_spawned":[1,6,14,21,24,27,30,38,40,45],"ascension_level":0}