{"gold_per_floor":[112,36,50,50,50,50,81,95,95,95,125,125,157,172,172,251,251,263,188,188,113,127,127,146,146,226,239,239,239],"floor_reached":29,"playtime":1548,"items_purged":["Accuracy+1"],"score":482,"play_id":"6cde4f91-0e80-4af1-997d-2eeae31b18a8","local_time":"20190118010100","is_ascension_mode":true,"campfire_choices":[{"data":"Deadly Poison","floor":6,"key":"SMITH"},{"floor":10,"key":"REST"},{"floor":15,"key":"REST"},{"data":"Dagger Spray","floor":23,"key":"SMITH"},{"floor":25,"key":"REST"},{"floor":28,"key":"REST"}],"neow_cost":"NONE","seed_source_timestamp":716414785906241,"circlet_count":0,"master_deck":["AscendersBane","Defend_G","Defend_G","Defend_G","Defend_G","Defend_G","Strike_G","Survivor","Neutralize","Poisoned Stab","Catalyst+1","Deadly Poison+1","Well Laid Plans","Glass Knife","Quick Slash","Dagger Spray+1","Corpse Explosion","Sucker Punch+1","Bouncing Flask","Burst","After Image","Blur"],"relics":["Ring of the Snake","Dream Catcher","Bottled Lightning","Boot","Regal Pillow","Art of War","Matryoshka","Astrolabe","Omamori","Dodecahedron"],"potions_floor_usage":[11,16,24,29],"damage_taken":[{"damage":0,"enemies":"2 Louse","floor":1,"turns":3},{"damage":17,"enemies":"Jaw Worm","floor":3,"turns":5},{"damage":8,"enemies":"Gremlin Nob","floor":7,"turns":3},{"damage":0,"enemies":"Cultist","floor":8,"turns":2},{"damage":15,"enemies":"3 Sentries","floor":11,"turns":10},{"damage":6,"enemies":"Gremlin Nob","floor":13,"turns":3},{"damage":1,"enemies":"3 Louse","floor":14,"turns":3},{"damage":28,"enemies":"Slime Boss","floor":16,"turns":8},{"damage":19,"enemies":"2 Thieves","floor":18,"turns":2},{"damage":12,"enemies":"3 Byrds","floor":22,"turns":4},{"damage":11,"enemies":"Centurion and Healer","floor":24,"turns":6},{"damage":36,"enemies":"Shelled Parasite and Fungi","floor":27,"turns":4},{"damage":58,"enemies":"Gremlin Leader","floor":29,"turns":6}],"seed_played":"-4563432415916232579","potions_obtained":[{"floor":1,"key":"SteroidPotion"},{"floor":8,"key":"SpeedPotion"},{"floor":11,"key":"Ancient Potion"},{"floor":16,"key":"EssenceOfSteel"},{"floor":18,"key":"Strength Potion"},{"floor":27,"key":"Weak Potion"}],"is_trial":false,"path_per_floor":["M","$","M","?","?","R","E","M","T","R","E","?","E","M","R","B",null,"M","$","?","?","M","R","M","R","T","M","R","E"],"character_chosen":"THE_SILENT","items_purchased":["Catalyst"],"campfire_rested":4,"item_purchase_floors":[2],"current_hp_per_floor":[59,59,42,42,42,42,34,34,34,53,38,38,32,31,65,37,59,40,40,40,40,28,28,17,51,51,15,49,0],"gold":239,"neow_bonus":"RANDOM_COMMON_RELIC","is_prod":false,"is_daily":false,"chose_seed":false,"campfire_upgraded":2,"win_rate":0,"timestamp":1547773260,"path_taken":["M","$","M","?","?","R","E","?","T","R","E","?","E","M","R","BOSS","M","?","?","?","M","R","M","R","T","M","R","E"],"build_version":"2019-01-10","purchased_purges":1,"victory":false,"max_hp_per_floor":[66,66,66,66,66,66,66,66,66,66,66,66,66,66,66,66,66,66,66,66,66,66,66,66,66,66,66,66,66],"card_choices":[{"not_picked":["Well Laid Plans","Quick Slash"],"picked":"Poisoned Stab","floor":1},{"not_picked":["Bane","Slice"],"picked":"Deadly Poison","floor":3},{"not_picked":["Expertise","Acrobatics","Bane"],"picked":"SKIP","floor":7},{"not_picked":["Reflex","Deflect","Deadly Poison"],"picked":"SKIP","floor":8},{"not_picked":["Flying Knee","Sucker Punch"],"picked":"Well Laid Plans","floor":10},{"not_picked":["Sucker Punch","Finisher"],"picked":"Glass Knife","floor":11},{"not_picked":["Dodge and Roll","Deflect"],"picked":"Quick Slash","floor":13},{"not_picked":["Predator","Prepared","Dodge and Roll"],"picked":"SKIP","floor":14},{"not_picked":["Expertise","Deadly Poison"],"picked":"Dagger Spray","floor":15},{"not_picked":["Storm of Steel","Doppelganger"],"picked":"Corpse Explosion","floor":16},{"not_picked":["Dash","Acrobatics","Dagger Throw"],"picked":"SKIP","floor":18},{"not_picked":["Distraction","Acrobatics+1"],"picked":"Bouncing Flask","floor":22},{"not_picked":["Choke","PiercingWail"],"picked":"Burst","floor":24},{"not_picked":["Prepared","Infinite Blades"],"picked":"After Image","floor":27},{"not_picked":["Dagger Throw","Quick Slash"],"picked":"Blur","floor":28}],"player_experience":902551,"relics_obtained":[{"floor":7,"key":"Bottled Lightning"},{"floor":9,"key":"Boot"},{"floor":11,"key":"Regal Pillow"},{"floor":13,"key":"Matryoshka"},{"floor":26,"key":"Omamori"},{"floor":26,"key":"Dodecahedron"}],"event_choices":[{"cards_removed":["Strike_G"],"damage_healed":0,"gold_gain":0,"player_choice":"Forget","damage_taken":0,"max_hp_gain":0,"max_hp_loss":0,"event_name":"Living Wall","floor":4,"gold_loss":0},{"damage_healed":0,"gold_gain":0,"player_choice":"Upgraded","damage_taken":0,"max_hp_gain":0,"max_hp_loss":0,"event_name":"Upgrade Shrine","floor":5,"gold_loss":0,"cards_upgraded":["Catalyst"]},{"damage_healed":0,"gold_gain":0,"player_choice":"Gave Potion","damage_taken":0,"relics_obtained":["Art of War"],"max_hp_gain":0,"max_hp_loss":0,"event_name":"WeMeetAgain","floor":12,"gold_loss":0},{"damage_healed":0,"gold_gain":0,"player_choice":"Ignored","damage_taken":0,"max_hp_gain":0,"max_hp_loss":0,"event_name":"Vampires","floor":20,"gold_loss":0},{"cards_removed":["Reflex"],"damage_healed":0,"gold_gain":0,"player_choice":"Gave Gold","damage_taken":0,"max_hp_gain":0,"max_hp_loss":0,"event_name":"Beggar","floor":21,"gold_loss":75}],"is_beta":false,"boss_relics":[{"not_picked":["Philosopher\u0027s Stone","HoveringKite"],"picked":"Astrolabe"}],"items_purged_floors":[19],"is_endless":false,"potions_floor_spawned":[1,8,11,16,18,22,27],"killed_by":"Gremlin Leader","ascension_level":20}