{"gold_per_floor":[212,212,4,15,27,27,53,53,53,80,5,19,19,19,19,19],"floor_reached":16,"playtime":1081,"items_purged":["Strike_G"],"score":211,"play_id":"dbd952b1-37c3-4d75-95fd-73eb18c4ae79","local_time":"20190112172431","is_ascension_mode":true,"campfire_choices":[{"data":"Neutralize","floor":6,"key":"SMITH"},{"data":"All Out Attack","floor":8,"key":"SMITH"},{"floor":15,"key":"REST"}],"neow_cost":"NONE","seed_source_timestamp":257485167077049,"circlet_count":0,"master_deck":["AscendersBane","Defend_G","Defend_G+1","Defend_G","Defend_G","Defend_G","Strike_G","Strike_G","Strike_G","Survivor","Neutralize+1","Backstab","Dagger Throw","All Out Attack+1","Backstab+1","Dagger Throw","Blade Dance+1","Expertise"],"relics":["Ring of the Snake","Ice Cream","Peace Pipe","Ornamental Fan"],"potions_floor_usage":[7,10,16],"damage_taken":[{"damage":1,"enemies":"Cultist","floor":1,"turns":4},{"damage":1,"enemies":"2 Louse","floor":4,"turns":2},{"damage":1,"enemies":"Small Slimes","floor":5,"turns":3},{"damage":10,"enemies":"3 Sentries","floor":7,"turns":6},{"damage":6,"enemies":"Gremlin Nob","floor":10,"turns":3},{"damage":0,"enemies":"Looter","floor":12,"turns":1},{"damage":42,"enemies":"Slime Boss","floor":16,"turns":12}],"seed_played":"-1890623201021464782","potions_obtained":[{"floor":1,"key":"Block Potion"},{"floor":5,"key":"Explosive Potion"},{"floor":7,"key":"Explosive Potion"}],"is_trial":false,"path_per_floor":["M","$","$","M","M","R","E","R","T","E","?","M","?","?","R","B"],"character_chosen":"THE_SILENT","items_purchased":["Dagger Throw","All Out Attack"],"campfire_rested":1,"item_purchase_floors":[3,3],"current_hp_per_floor":[58,58,58,57,56,56,46,46,46,40,40,40,20,20,39,0],"gold":19,"neow_bonus":"HUNDRED_GOLD","is_prod":false,"is_daily":false,"chose_seed":false,"campfire_upgraded":2,"win_rate":0,"timestamp":1547313871,"path_taken":["M","?","$","M","M","R","E","R","T","E","?","M","?","?","R","BOSS"],"build_version":"2019-01-10","purchased_purges":1,"victory":false,"max_hp_per_floor":[66,66,66,66,66,66,66,66,66,66,66,66,66,66,66,66],"card_choices":[{"not_picked":["Leg Sweep","Underhanded Strike"],"picked":"Backstab","floor":1},{"not_picked":["Acrobatics","Poisoned Stab"],"picked":"Backstab","floor":4},{"not_picked":["Poisoned Stab","Setup"],"picked":"Dagger Throw","floor":5},{"not_picked":["Endless Agony","Tactician","Riddle With Holes"],"picked":"SKIP","floor":7},{"not_picked":["Endless Agony","Bane"],"picked":"Blade Dance","floor":10},{"not_picked":["Acrobatics","Poisoned Stab"],"picked":"Expertise","floor":12}],"player_experience":811586,"relics_obtained":[{"floor":7,"key":"Ice Cream"},{"floor":9,"key":"Peace Pipe"},{"floor":10,"key":"Ornamental Fan"}],"event_choices":[{"cards_removed":["Strike_G"],"damage_healed":0,"gold_gain":0,"player_choice":"Card Removal","damage_taken":0,"max_hp_gain":0,"max_hp_loss":0,"event_name":"The Cleric","floor":11,"gold_loss":75},{"damage_healed":0,"gold_gain":0,"player_choice":"Entered Light","damage_taken":20,"max_hp_gain":0,"max_hp_loss":0,"event_name":"Shining Light","floor":13,"gold_loss":0,"cards_upgraded":["Backstab","Defend_G"]},{"damage_healed":0,"gold_gain":0,"player_choice":"Grow","damage_taken":0,"max_hp_gain":0,"max_hp_loss":0,"event_name":"Living Wall","floor":14,"gold_loss":0,"cards_upgraded":["Blade Dance"]}],"is_beta":false,"boss_relics":[],"items_purged_floors":[3],"is_endless":false,"potions_floor_spawned":[1,5,7],"killed_by":"Slime Boss","ascension_level":19}