{"gold_per_floor":[364,384,459,459,60,60,7,42,67,143,143],"floor_reached":11,"playtime":417,"items_purged":[],"score":138,"play_id":"632fa3b2-ba1e-4d67-972e-b2f5ca9e703d","local_time":"20190118202651","is_ascension_mode":true,"campfire_choices":[{"floor":6,"key":"REST"}],"neow_cost":"PERCENT_DAMAGE","seed_source_timestamp":787498835966190,"circlet_count":0,"master_deck":["AscendersBane","Defend_G","Defend_G","Defend_G","Defend_G","Defend_G","Strike_G","Strike_G","Strike_G","Strike_G","Strike_G","Survivor","Neutralize","Quick Slash","Dash","Dagger Spray","Dagger Throw"],"relics":["Ring of the Snake","Du-Vu Doll","Anchor","Juzu Bracelet"],"potions_floor_usage":[11,11],"damage_taken":[{"damage":2,"enemies":"2 Louse","floor":1,"turns":4},{"damage":7,"enemies":"Jaw Worm","floor":2,"turns":5},{"damage":44,"enemies":"Lagavulin","floor":8,"turns":7},{"damage":8,"enemies":"Gremlin Nob","floor":11,"turns":3}],"seed_played":"576180273886093293","potions_obtained":[{"floor":8,"key":"SpeedPotion"}],"is_trial":false,"path_per_floor":["M","M","?","?","$","R","$","E","T","?","E"],"character_chosen":"THE_SILENT","items_purchased":["Du-Vu Doll","Dagger Spray","Dexterity Potion"],"campfire_rested":1,"item_purchase_floors":[5,5,7],"current_hp_per_floor":[42,35,24,29,29,50,50,6,6,6,0],"gold":143,"neow_bonus":"TWO_FIFTY_GOLD","is_prod":false,"is_daily":false,"chose_seed":false,"campfire_upgraded":0,"win_rate":0,"timestamp":1547843211,"path_taken":["M","M","?","?","$","R","?","E","T","?","E"],"build_version":"2019-01-17v2","purchased_purges":0,"victory":false,"max_hp_per_floor":[66,66,66,71,71,71,71,71,71,71,71],"card_choices":[{"not_picked":["Blade Dance","Eviscerate"],"picked":"Quick Slash","floor":1},{"not_picked":["PiercingWail","Dodge and Roll"],"picked":"Dash","floor":2},{"not_picked":["Flying Knee","Night Terror"],"picked":"Dagger Throw","floor":8}],"player_experience":910615,"relics_obtained":[{"floor":8,"key":"Anchor"},{"floor":9,"key":"Juzu Bracelet"}],"event_choices":[{"damage_healed":0,"gold_gain":75,"player_choice":"Gather Gold","damage_taken":11,"max_hp_gain":0,"max_hp_loss":0,"event_name":"World of Goop","floor":3,"gold_loss":0},{"damage_healed":0,"gold_gain":0,"player_choice":"Donut","damage_taken":0,"max_hp_gain":5,"max_hp_loss":0,"event_name":"Big Fish","floor":4,"gold_loss":0},{"damage_healed":0,"gold_gain":76,"player_choice":"Gained Gold","damage_taken":0,"max_hp_gain":0,"max_hp_loss":0,"event_name":"Golden Wing","floor":10,"gold_loss":0}],"is_beta":false,"boss_relics":[],"items_purged_floors":[],"is_endless":false,"potions_floor_spawned":[8],"killed_by":"Gremlin Nob","ascension_level":20}