{"gold_per_floor":[113,9,9,20,34,34,67,67,67,102,114,114,126,156,156,156],"floor_reached":16,"playtime":925,"items_purged":[],"score":240,"play_id":"8de7bb07-0b2e-41ce-ac24-515c122b671b","local_time":"20190115074631","is_ascension_mode":true,"campfire_choices":[{"data":"Neutralize","floor":6,"key":"SMITH"},{"floor":8,"key":"REST"},{"floor":12,"key":"REST"},{"floor":15,"key":"REST"}],"neow_cost":"NONE","seed_source_timestamp":482166850856825,"circlet_count":0,"master_deck":["AscendersBane","Defend_G","Defend_G","Defend_G","Defend_G","Defend_G","Strike_G","Strike_G","Strike_G","Strike_G","Strike_G","Survivor","Neutralize+1","Deadly Poison","Poisoned Stab+1","PiercingWail","Dagger Throw","Backflip","PiercingWail","Escape Plan","Poisoned Stab"],"relics":["Ring of the Snake","Dream Catcher","Pear","Potion Belt","Smiling Mask"],"potions_floor_usage":[7,10,14],"damage_taken":[{"damage":1,"enemies":"Small Slimes","floor":1,"turns":3},{"damage":0,"enemies":"Cultist","floor":4,"turns":3},{"damage":2,"enemies":"Jaw Worm","floor":5,"turns":4},{"damage":39,"enemies":"Lagavulin","floor":7,"turns":6},{"damage":30,"enemies":"Gremlin Nob","floor":10,"turns":5},{"damage":3,"enemies":"Exordium Wildlife","floor":11,"turns":5},{"damage":12,"enemies":"Gremlin Gang","floor":13,"turns":7},{"damage":11,"enemies":"3 Sentries","floor":14,"turns":7},{"damage":49,"enemies":"Hexaghost","floor":16,"turns":9}],"seed_played":"-6523816299078721943","potions_obtained":[{"floor":7,"key":"GhostInAJar"},{"floor":13,"key":"PowerPotion"},{"floor":14,"key":"SmokeBomb"}],"is_trial":false,"path_per_floor":["M","$","?","M","M","R","E","R","T","E","M","R","M","E","R","B"],"character_chosen":"THE_SILENT","items_purchased":["Poisoned Stab","SteroidPotion"],"campfire_rested":3,"item_purchase_floors":[2,2],"current_hp_per_floor":[64,64,64,64,62,62,23,44,54,24,21,45,33,22,46,0],"gold":156,"neow_bonus":"TEN_PERCENT_HP_BONUS","is_prod":false,"is_daily":false,"chose_seed":false,"campfire_upgraded":1,"win_rate":0,"timestamp":1547538391,"path_taken":["M","$","?","M","M","R","E","R","T","E","M","R","?","E","R","BOSS"],"build_version":"2019-01-10","purchased_purges":0,"victory":false,"max_hp_per_floor":[72,72,72,72,72,72,72,72,82,82,82,82,82,82,82,82],"card_choices":[{"not_picked":["Backflip","Outmaneuver"],"picked":"Deadly Poison","floor":1},{"not_picked":["Slice","Deadly Poison"],"picked":"PiercingWail","floor":4},{"not_picked":["Cloak And Dagger","Bane"],"picked":"Dagger Throw","floor":5},{"not_picked":["Backflip","Flechettes","Terror"],"picked":"SKIP","floor":7},{"not_picked":["Distraction","Slice"],"picked":"Backflip","floor":8},{"not_picked":["Acrobatics","Terror","Deadly Poison"],"picked":"SKIP","floor":10},{"not_picked":["Expertise","Choke","Acrobatics"],"picked":"SKIP","floor":11},{"not_picked":["Cloak And Dagger","Setup"],"picked":"PiercingWail","floor":12},{"not_picked":["Choke","Deflect"],"picked":"Escape Plan","floor":13},{"not_picked":["Quick Slash","Burst"],"picked":"Poisoned Stab","floor":14}],"player_experience":876863,"relics_obtained":[{"floor":7,"key":"Dream Catcher"},{"floor":9,"key":"Pear"},{"floor":10,"key":"Potion Belt"},{"floor":14,"key":"Smiling Mask"}],"event_choices":[{"damage_healed":0,"gold_gain":0,"player_choice":"Upgraded","damage_taken":0,"max_hp_gain":0,"max_hp_loss":0,"event_name":"Upgrade Shrine","floor":3,"gold_loss":0,"cards_upgraded":["Poisoned Stab"]}],"is_beta":false,"boss_relics":[],"items_purged_floors":[],"is_endless":false,"potions_floor_spawned":[7,13,14],"killed_by":"Hexaghost","ascension_level":20}