{"gold_per_floor":[118,118,37,55,5,5,5,16,16,16,30,30,55,5,5,79,79,53,3,3,15,15,15,42,42,65,65,85,85,112,112,112,185,185,196,196,32,43,43,43,58,78,78,78,89,109,109,124,124,124,124],"floor_reached":51,"playtime":2976,"items_purged":["Strike_G","Strike_G"],"score":1301,"play_id":"ea4fd162-39e9-4a85-825a-6b8c4f4f8750","local_time":"20190119141921","is_ascension_mode":true,"campfire_choices":[{"data":"Noxious Fumes","floor":6,"key":"SMITH"},{"data":"Deadly Poison","floor":10,"key":"SMITH"},{"data":"Catalyst","floor":12,"key":"SMITH"},{"floor":15,"key":"REST"},{"floor":23,"key":"REST"},{"data":"Footwork","floor":25,"key":"SMITH"},{"data":"Deadly Poison","floor":27,"key":"SMITH"},{"floor":29,"key":"REST"},{"floor":32,"key":"REST"},{"floor":40,"key":"REST"},{"floor":44,"key":"REST"},{"floor":47,"key":"REST"},{"data":"Burst","floor":49,"key":"SMITH"}],"neow_cost":"NONE","seed_source_timestamp":849287365989546,"circlet_count":0,"master_deck":["AscendersBane","Defend_G","Defend_G","Defend_G","Defend_G","Defend_G","Strike_G","Strike_G","Strike_G","Survivor","Neutralize","Deadly Poison+1","Noxious Fumes+1","Footwork+1","Dodge and Roll","Catalyst+1","Well Laid Plans","Doppelganger","Burst+1","Dash","Deadly Poison+1","Thinking Ahead","Leg Sweep","Normality","Crippling Poison"],"relics":["Ring of the Snake","Smiling Mask","Pear","Velvet Choker","Singing Bowl","PreservedInsect","Art of War","Enchiridion","Cursed Key","Regal Pillow","Dead Branch"],"potions_floor_usage":[0,13,24,28,33,41,50,50],"damage_taken":[{"damage":1,"enemies":"Jaw Worm","floor":1,"turns":6},{"damage":1,"enemies":"Cultist","floor":4,"turns":5},{"damage":2,"enemies":"2 Louse","floor":8,"turns":5},{"damage":3,"enemies":"2 Fungi Beasts","floor":11,"turns":6},{"damage":32,"enemies":"Gremlin Nob","floor":13,"turns":5},{"damage":2,"enemies":"Hexaghost","floor":16,"turns":8},{"damage":30,"enemies":"2 Thieves","floor":18,"turns":4},{"damage":13,"enemies":"3 Byrds","floor":21,"turns":7},{"damage":14,"enemies":"Book of Stabbing","floor":24,"turns":4},{"damage":22,"enemies":"Cultist and Chosen","floor":28,"turns":6},{"damage":36,"enemies":"Collector","floor":33,"turns":5},{"damage":11,"enemies":"Orb Walker","floor":35,"turns":4},{"damage":5,"enemies":"3 Shapes","floor":38,"turns":5},{"damage":0,"enemies":"Transient","floor":41,"turns":6},{"damage":61,"enemies":"Spire Growth","floor":42,"turns":5},{"damage":19,"enemies":"Sphere and 2 Shapes","floor":45,"turns":7},{"damage":15,"enemies":"3 Darklings","floor":46,"turns":6},{"damage":8,"enemies":"Transient","floor":48,"turns":6},{"damage":63,"enemies":"Time Eater","floor":50,"turns":7},{"damage":34,"enemies":"Awakened One","floor":51,"turns":2}],"seed_played":"-7348219689657236302","potions_obtained":[{"floor":0,"key":"Fruit Juice"},{"floor":0,"key":"GamblersBrew"},{"floor":0,"key":"Energy Potion"},{"floor":1,"key":"Explosive Potion"},{"floor":8,"key":"GhostInAJar"},{"floor":18,"key":"Poison Potion"},{"floor":28,"key":"Energy Potion"},{"floor":35,"key":"Dexterity Potion"},{"floor":41,"key":"Weak Potion"},{"floor":48,"key":"EssenceOfSteel"}],"is_trial":false,"path_per_floor":["M","?","$","M","$","R","$","M","T","R","M","R","E","$","R","B",null,"M","$","?","M","?","R","E","R","T","R","M","R","T","?","R","B",null,"M","?","$","M","?","R","M","M","T","R","M","M","R","M","R","B","B"],"character_chosen":"THE_SILENT","items_purchased":["Noxious Fumes","Dodge and Roll","Regal Pillow"],"campfire_rested":7,"item_purchase_floors":[3,5,37],"current_hp_per_floor":[63,59,59,58,58,58,58,56,56,56,53,53,31,31,55,53,74,44,44,44,31,31,55,41,41,41,41,21,45,45,24,48,14,67,58,58,58,55,55,89,89,30,30,72,53,40,82,76,76,13,0],"gold":124,"neow_bonus":"THREE_SMALL_POTIONS","is_prod":false,"is_daily":false,"chose_seed":false,"campfire_upgraded":6,"win_rate":0,"timestamp":1547907561,"path_taken":["M","?","$","M","$","R","?","M","T","R","M","R","E","$","R","BOSS","M","$","?","M","?","R","E","R","T","R","M","R","?","?","R","BOSS","M","?","$","M","?","R","M","M","T","R","M","?","R","M","R","BOSS","BOSS"],"build_version":"2019-01-17v2","purchased_purges":2,"victory":false,"max_hp_per_floor":[71,71,71,71,71,71,71,71,71,71,71,71,81,81,81,81,81,81,81,81,81,81,81,81,81,81,81,83,83,83,83,83,85,85,87,87,87,89,89,89,89,91,91,91,91,93,93,95,95,95,95],"card_choices":[{"not_picked":["Masterful Stab","Dagger Spray"],"picked":"Deadly Poison","floor":1},{"not_picked":["Deflect","Acrobatics"],"picked":"Footwork","floor":4},{"not_picked":["Concentrate","Prepared"],"picked":"Catalyst","floor":8},{"not_picked":["Dash","Slice"],"picked":"Well Laid Plans","floor":11},{"not_picked":["Flying Knee","Underhanded Strike"],"picked":"Doppelganger","floor":13},{"not_picked":["Phantasmal Killer","Adrenaline"],"picked":"Burst","floor":16},{"not_picked":["Deflect","Slice","Prepared"],"picked":"SKIP","floor":18},{"not_picked":["Accuracy+1","Slice"],"picked":"Dash","floor":21},{"not_picked":["Expertise","Skewer"],"picked":"Deadly Poison","floor":24},{"not_picked":["Prepared","Outmaneuver","Endless Agony"],"picked":"Singing Bowl","floor":28},{"not_picked":["Doppelganger","Unload","Bullet Time"],"picked":"Singing Bowl","floor":33},{"not_picked":["Prepared","Accuracy","Masterful Stab+1"],"picked":"Singing Bowl","floor":35},{"not_picked":["Blind","Flash of Steel"],"picked":"Thinking Ahead","floor":36},{"not_picked":["Quick Slash","Dash","Prepared"],"picked":"Singing Bowl","floor":38},{"not_picked":["Calculated Gamble","Distraction"],"picked":"Leg Sweep","floor":41},{"not_picked":["Sucker Punch","Heel Hook","Poisoned Stab"],"picked":"Singing Bowl","floor":42},{"not_picked":["Infinite Blades","Heel Hook"],"picked":"Crippling Poison","floor":45},{"not_picked":["Flying Knee","Dagger Throw","Eviscerate"],"picked":"Singing Bowl","floor":46},{"not_picked":["PiercingWail","Bane","Deflect"],"picked":"Singing Bowl","floor":48}],"player_experience":923297,"relics_obtained":[{"floor":9,"key":"Smiling Mask"},{"floor":13,"key":"Pear"},{"floor":24,"key":"Singing Bowl"},{"floor":26,"key":"PreservedInsect"},{"floor":30,"key":"Art of War"},{"floor":31,"key":"Enchiridion"},{"floor":43,"key":"Dead Branch"}],"event_choices":[{"damage_healed":0,"gold_gain":0,"player_choice":"Bought 0 Potions","damage_taken":0,"max_hp_gain":0,"max_hp_loss":0,"event_name":"The Woman in Blue","floor":2,"gold_loss":0},{"damage_healed":0,"gold_gain":0,"player_choice":"Ignored","damage_taken":0,"max_hp_gain":0,"max_hp_loss":0,"event_name":"The Mausoleum","floor":22,"gold_loss":0},{"damage_healed":0,"gold_gain":0,"player_choice":"Obtained Book","damage_taken":21,"max_hp_gain":0,"max_hp_loss":0,"event_name":"Cursed Tome","floor":31,"gold_loss":0},{"damage_healed":0,"gold_gain":0,"player_choice":"Memory 1","damage_taken":0,"max_hp_gain":0,"max_hp_loss":0,"event_name":"SensoryStone","floor":36,"gold_loss":0},{"damage_healed":0,"gold_gain":0,"player_choice":"Ignored","damage_taken":0,"max_hp_gain":0,"max_hp_loss":0,"event_name":"SecretPortal","floor":39,"gold_loss":0}],"is_beta":false,"boss_relics":[{"not_picked":["Orrery","White Beast Statue"],"picked":"Velvet Choker"},{"not_picked":["Snecko Eye","Eternal Feather"],"picked":"Cursed Key"}],"items_purged_floors":[14,19],"is_endless":false,"potions_floor_spawned":[1,4,8,18,28,35,41,48],"killed_by":"Awakened One","ascension_level":20}