{"gold_per_floor":[214,229,246,263,280,280,296,296,344,75,75,110,124,153,153,231,231,243,243,243,259,259,259,271,271,271,300,315,87,87,102,102,102],"floor_reached":33,"playtime":5612,"items_purged":["Strike_G","Strike_G"],"score":608,"play_id":"4d8fa7e1-004b-41c0-a4ae-2825ad3e6b50","local_time":"20190115233843","is_ascension_mode":true,"campfire_choices":[{"data":"Poisoned Stab","floor":6,"key":"SMITH"},{"data":"Noxious Fumes","floor":8,"key":"SMITH"},{"floor":11,"key":"REST"},{"data":"Caltrops","floor":15,"key":"SMITH"},{"data":"Wraith Form v2","floor":23,"key":"SMITH"},{"data":"Poisoned Stab","floor":25,"key":"SMITH"},{"floor":32,"key":"REST"}],"neow_cost":"NONE","seed_source_timestamp":534613701191757,"circlet_count":0,"master_deck":["AscendersBane","Defend_G","Defend_G","Defend_G","Defend_G","Defend_G","Strike_G","Strike_G","Strike_G","Survivor","Neutralize","Noxious Fumes+1","Poisoned Stab+1","PiercingWail","Blur","Flying Knee","Caltrops+1","Poisoned Stab+1","Leg Sweep","Dagger Throw","Wraith Form v2+1","Escape Plan","Ghostly","Ghostly","Ghostly","Noxious Fumes+1","Footwork+1","Dodge and Roll","Wraith Form v2+1"],"relics":["Ring of the Snake","Omamori","Orichalcum","Dodecahedron","White Beast Statue","Enchiridion","Frozen Egg 2","Potion Belt"],"potions_floor_usage":[7,12,12,16,28,28,28,31,33],"damage_taken":[{"damage":0,"enemies":"Cultist","floor":1,"turns":4},{"damage":0,"enemies":"Jaw Worm","floor":2,"turns":6},{"damage":0,"enemies":"2 Louse","floor":3,"turns":4},{"damage":11,"enemies":"2 Fungi Beasts","floor":4,"turns":5},{"damage":8,"enemies":"Blue Slaver","floor":5,"turns":6},{"damage":12,"enemies":"Exordium Wildlife","floor":7,"turns":6},{"damage":13,"enemies":"3 Sentries","floor":12,"turns":7},{"damage":0,"enemies":"3 Louse","floor":13,"turns":4},{"damage":18,"enemies":"Gremlin Nob","floor":14,"turns":5},{"damage":6,"enemies":"Hexaghost","floor":16,"turns":9},{"damage":16,"enemies":"Spheric Guardian","floor":18,"turns":5},{"damage":0,"enemies":"3 Byrds","floor":21,"turns":2},{"damage":0,"enemies":"Centurion and Healer","floor":24,"turns":8},{"damage":0,"enemies":"Slavers","floor":27,"turns":6},{"damage":5,"enemies":"Snecko","floor":28,"turns":8},{"damage":0,"enemies":"Colosseum Slavers","floor":30,"turns":5},{"damage":13,"enemies":"Sentry and Sphere","floor":31,"turns":6},{"damage":26,"enemies":"Collector","floor":33,"turns":5}],"seed_played":"4111262110164504170","potions_obtained":[{"floor":2,"key":"AttackPotion"},{"floor":4,"key":"Regen Potion"},{"floor":13,"key":"Block Potion"},{"floor":18,"key":"Swift Potion"},{"floor":21,"key":"SkillPotion"},{"floor":27,"key":"Block Potion"},{"floor":28,"key":"Swift Potion"},{"floor":31,"key":"GamblersBrew"}],"is_trial":false,"path_per_floor":["M","M","M","M","M","R","M","R","T","$","R","E","M","E","R","B",null,"M","?","?","M","?","R","M","R","T","E","M","$","?","M","R","B"],"character_chosen":"THE_SILENT","items_purchased":["Caltrops","Poisoned Stab","Block Potion","Footwork+1","Dodge and Roll"],"campfire_rested":2,"item_purchase_floors":[10,10,10,29,29],"current_hp_per_floor":[59,59,59,48,40,40,43,43,43,43,62,49,49,31,31,25,56,40,40,19,19,19,19,19,19,19,19,14,14,14,1,10,0],"gold":102,"neow_bonus":"HUNDRED_GOLD","is_prod":false,"is_daily":false,"chose_seed":false,"campfire_upgraded":5,"win_rate":0,"timestamp":1547595523,"path_taken":["M","M","M","?","M","R","M","R","T","$","R","E","M","E","R","BOSS","M","?","?","M","?","R","M","R","T","E","M","$","?","M","R","BOSS"],"build_version":"2019-01-10","purchased_purges":2,"victory":false,"max_hp_per_floor":[66,66,66,66,66,66,66,66,66,66,66,66,66,66,66,66,66,66,66,66,66,33,33,33,33,33,33,33,33,33,33,33,33],"card_choices":[{"not_picked":["Bane","Dagger Throw"],"picked":"Noxious Fumes","floor":1},{"not_picked":["Flechettes","Catalyst"],"picked":"Poisoned Stab","floor":2},{"not_picked":["Terror","Underhanded Strike","Bane"],"picked":"SKIP","floor":3},{"not_picked":["Backflip","Sucker Punch"],"picked":"PiercingWail","floor":4},{"not_picked":["Underhanded Strike","Dodge and Roll"],"picked":"Blur","floor":5},{"not_picked":["Accuracy","Escape Plan"],"picked":"Flying Knee","floor":7},{"not_picked":["Grand Finale","Deadly Poison"],"picked":"Leg Sweep","floor":12},{"not_picked":["Bane","Cloak And Dagger"],"picked":"Dagger Throw","floor":13},{"not_picked":["Setup","Dagger Throw","Flying Knee"],"picked":"SKIP","floor":14},{"not_picked":["Burst","After Image"],"picked":"Wraith Form v2","floor":16},{"not_picked":["Sucker Punch","Outmaneuver","Eviscerate"],"picked":"SKIP","floor":18},{"not_picked":["Deflect","Backflip"],"picked":"Escape Plan","floor":21},{"not_picked":["Slice","Flying Knee","Dagger Throw"],"picked":"SKIP","floor":24},{"not_picked":["Glass Knife","Dagger Spray"],"picked":"Noxious Fumes+1","floor":27},{"not_picked":["Accuracy+1","Blade Dance","Deadly Poison"],"picked":"SKIP","floor":28},{"not_picked":["Quick Slash","Prepared+1"],"picked":"Wraith Form v2+1","floor":31}],"player_experience":887625,"relics_obtained":[{"floor":9,"key":"Omamori"},{"floor":12,"key":"Orichalcum"},{"floor":14,"key":"Dodecahedron"},{"floor":20,"key":"Enchiridion"},{"floor":26,"key":"Frozen Egg 2"},{"floor":27,"key":"Potion Belt"}],"event_choices":[{"damage_healed":0,"gold_gain":0,"player_choice":"Ignored","damage_taken":0,"max_hp_gain":0,"max_hp_loss":0,"event_name":"Vampires","floor":19,"gold_loss":0},{"damage_healed":0,"gold_gain":0,"player_choice":"Obtained Book","damage_taken":21,"max_hp_gain":0,"max_hp_loss":0,"event_name":"Cursed Tome","floor":20,"gold_loss":0},{"damage_healed":0,"gold_gain":0,"player_choice":"Became a Ghost","damage_taken":0,"max_hp_gain":0,"max_hp_loss":33,"event_name":"Ghosts","floor":22,"gold_loss":0,"cards_obtained":["Ghostly","Ghostly","Ghostly"]},{"damage_healed":0,"gold_gain":0,"player_choice":"Fight","damage_taken":0,"max_hp_gain":0,"max_hp_loss":0,"event_name":"Colosseum","floor":30,"gold_loss":0},{"damage_healed":0,"gold_gain":0,"player_choice":"Fled From Nobs","damage_taken":0,"max_hp_gain":0,"max_hp_loss":0,"event_name":"Colosseum","floor":30,"gold_loss":0}],"is_beta":false,"boss_relics":[{"not_picked":["Pandora\u0027s Box","Snecko Eye"],"picked":"White Beast Statue"}],"items_purged_floors":[10,29],"is_endless":false,"potions_floor_spawned":[2,4,5,13,18,21,24,27,28,30,31],"killed_by":"Collector","ascension_level":20}