{"gold_per_floor":[110,128,128,142,166,166,166,197,197,197,24,38,38,57,57,150,150,175,198,44,44,62,62,100,150,180,200,200,219,252,64,64,64],"floor_reached":33,"playtime":2109,"items_purged":["Strike_G","Strike_G"],"score":624,"play_id":"58dbb67c-dd21-4c90-94d4-2eb204f5f968","local_time":"20190119204803","is_ascension_mode":true,"campfire_choices":[{"data":"All Out Attack","floor":6,"key":"SMITH"},{"data":"Caltrops","floor":10,"key":"SMITH"},{"floor":15,"key":"REST"},{"floor":23,"key":"REST"},{"floor":28,"key":"REST"},{"floor":32,"key":"REST"}],"neow_cost":"NONE","seed_source_timestamp":873477668826996,"circlet_count":0,"master_deck":["AscendersBane","Defend_G","Defend_G","Defend_G","Defend_G","Defend_G","Strike_G","Strike_G","Strike_G","Survivor","Neutralize","Riddle With Holes","All Out Attack+1","Caltrops+1","Quick Slash+1","Well Laid Plans","Envenom","Poisoned Stab+1","Dodge and Roll+1","Dodge and Roll+1","Catalyst+1","Dodge and Roll+1","Poisoned Stab+1"],"relics":["Ring of the Snake","Golden Idol","Turnip","Matryoshka","Fusion Hammer","Molten Egg 2","Tiny Chest","Happy Flower","Blue Candle"],"potions_floor_usage":[4,8,16,18,29,30,30,33,33],"damage_taken":[{"damage":8,"enemies":"Cultist","floor":1,"turns":5},{"damage":3,"enemies":"Small Slimes","floor":2,"turns":4},{"damage":0,"enemies":"2 Louse","floor":4,"turns":3},{"damage":14,"enemies":"Gremlin Gang","floor":5,"turns":4},{"damage":24,"enemies":"Gremlin Nob","floor":8,"turns":4},{"damage":0,"enemies":"Large Slime","floor":12,"turns":4},{"damage":11,"enemies":"Looter","floor":14,"turns":3},{"damage":24,"enemies":"Hexaghost","floor":16,"turns":9},{"damage":13,"enemies":"2 Thieves","floor":18,"turns":4},{"damage":18,"enemies":"Shell Parasite","floor":19,"turns":5},{"damage":1,"enemies":"Snecko","floor":22,"turns":5},{"damage":0,"enemies":"Gremlin Leader","floor":24,"turns":7},{"damage":17,"enemies":"3 Cultists","floor":27,"turns":5},{"damage":0,"enemies":"Centurion and Healer","floor":29,"turns":5},{"damage":39,"enemies":"Slavers","floor":30,"turns":6},{"damage":36,"enemies":"Champ","floor":33,"turns":9}],"seed_played":"-8391396962314198186","potions_obtained":[{"floor":2,"key":"Energy Potion"},{"floor":4,"key":"Fruit Juice"},{"floor":8,"key":"Block Potion"},{"floor":22,"key":"Block Potion"},{"floor":29,"key":"EssenceOfSteel"},{"floor":30,"key":"SneckoOil"}],"is_trial":false,"path_per_floor":["M","M","?","M","M","R","?","E","T","R","$","M","$","M","R","B",null,"M","M","$","?","M","R","E","?","T","M","R","M","E","$","R","B"],"character_chosen":"THE_SILENT","items_purchased":["Well Laid Plans","PowerPotion","Dexterity Potion","GhostInAJar","Poisoned Stab+1","AttackPotion"],"campfire_rested":4,"item_purchase_floors":[11,11,20,31,31,31],"current_hp_per_floor":[57,54,54,59,45,45,45,21,21,21,21,21,21,10,31,7,54,41,23,23,23,22,43,43,43,43,26,47,47,8,8,29,0],"gold":64,"neow_bonus":"TEN_PERCENT_HP_BONUS","is_prod":false,"is_daily":false,"chose_seed":false,"campfire_upgraded":2,"win_rate":0,"timestamp":1547930883,"path_taken":["M","?","?","M","M","R","?","E","T","R","$","M","$","?","R","BOSS","M","M","$","?","M","R","E","?","T","M","R","M","E","$","R","BOSS"],"build_version":"2019-01-17v2","purchased_purges":2,"victory":false,"max_hp_per_floor":[72,72,65,70,70,70,70,70,70,70,70,70,70,70,70,70,70,70,70,70,70,70,70,70,70,70,70,70,70,70,70,70,70],"card_choices":[{"not_picked":["Sucker Punch","Reflex"],"picked":"Riddle With Holes","floor":1},{"not_picked":["Distraction","Terror"],"picked":"All Out Attack","floor":2},{"not_picked":["Deflect","Dodge and Roll"],"picked":"Caltrops","floor":4},{"not_picked":["Riddle With Holes","Terror"],"picked":"Quick Slash","floor":5},{"not_picked":["Acrobatics","Underhanded Strike","Slice"],"picked":"SKIP","floor":8},{"not_picked":["Bouncing Flask","Choke","Terror"],"picked":"SKIP","floor":12},{"not_picked":["Blade Dance","Backflip","Underhanded Strike"],"picked":"SKIP","floor":14},{"not_picked":["Phantasmal Killer","Malaise"],"picked":"Envenom","floor":16},{"not_picked":["Outmaneuver+1","Slice"],"picked":"Poisoned Stab+1","floor":18},{"not_picked":["Backflip+1","Bane+1"],"picked":"Dodge and Roll+1","floor":19},{"not_picked":["Bane","Acrobatics","Quick Slash"],"picked":"SKIP","floor":22},{"not_picked":["A Thousand Cuts","Concentrate"],"picked":"Dodge and Roll+1","floor":24},{"not_picked":["Bane+1","Backflip","Cloak And Dagger"],"picked":"SKIP","floor":27},{"not_picked":["Slice+1","Dash+1"],"picked":"Catalyst+1","floor":29},{"not_picked":["Sucker Punch+1","Cloak And Dagger"],"picked":"Dodge and Roll+1","floor":30}],"player_experience":929747,"relics_obtained":[{"floor":8,"key":"Turnip"},{"floor":9,"key":"Matryoshka"},{"floor":24,"key":"Molten Egg 2"},{"floor":26,"key":"Tiny Chest"},{"floor":26,"key":"Happy Flower"},{"floor":30,"key":"Blue Candle"}],"event_choices":[{"damage_healed":0,"gold_gain":0,"player_choice":"Lose Max HP","damage_taken":0,"relics_obtained":["Golden Idol"],"max_hp_gain":0,"max_hp_loss":7,"event_name":"Golden Idol","floor":3,"gold_loss":0},{"damage_healed":0,"gold_gain":0,"player_choice":"Upgraded","damage_taken":0,"max_hp_gain":0,"max_hp_loss":0,"event_name":"Upgrade Shrine","floor":7,"gold_loss":0,"cards_upgraded":["Quick Slash"]},{"damage_healed":0,"gold_gain":0,"player_choice":"Ignored","damage_taken":0,"max_hp_gain":0,"max_hp_loss":0,"event_name":"The Mausoleum","floor":21,"gold_loss":0},{"damage_healed":0,"gold_gain":100,"player_choice":"Bet on Murderer","damage_taken":0,"max_hp_gain":0,"max_hp_loss":0,"event_name":"The Joust","floor":25,"gold_loss":50}],"is_beta":false,"boss_relics":[{"not_picked":["HoveringKite","WristBlade"],"picked":"Fusion Hammer"}],"items_purged_floors":[11,20],"is_endless":false,"potions_floor_spawned":[2,4,8,14,22,27,29,30],"killed_by":"Champ","ascension_level":20}