{"gold_per_floor":[209,209,209,51,64,64,89,108,163,199,199,1,25,25,25,124,124,138,138,138,152,24,24,39,53,53,66,66,66,66,107,107,107],"floor_reached":33,"playtime":2405,"items_purged":["Strike_G"],"score":517,"play_id":"913640ff-e59a-4b5a-8fc6-ee7262c0093f","local_time":"20190112213033","is_ascension_mode":true,"campfire_choices":[{"data":"Dagger Spray","floor":6,"key":"SMITH"},{"data":"Skewer","floor":11,"key":"SMITH"},{"floor":15,"key":"REST"},{"floor":23,"key":"REST"},{"floor":28,"key":"REST"},{"data":"Footwork","floor":30,"key":"SMITH"},{"floor":32,"key":"REST"}],"neow_cost":"NONE","seed_source_timestamp":270917877857964,"circlet_count":0,"master_deck":["AscendersBane","Defend_G","Defend_G","Defend_G","Defend_G","Defend_G","Strike_G","Strike_G+1","Survivor","Neutralize+1","Dagger Spray+1","Well Laid Plans","Skewer+1","Quick Slash","Footwork+1","Blur","Glass Knife","Noxious Fumes","Backflip","PiercingWail+1","Escape Plan+1","Deflect+1","Prepared+1"],"relics":["Ring of the Snake","Golden Idol","Whetstone","Tiny Chest","Happy Flower","Empty Cage","MutagenicStrength","Gambling Chip","Toxic Egg 2","Regal Pillow"],"potions_floor_usage":[10,12,16,21,25,27,31,33],"damage_taken":[{"damage":7,"enemies":"Jaw Worm","floor":1,"turns":7},{"damage":1,"enemies":"2 Louse","floor":5,"turns":4},{"damage":0,"enemies":"Cultist","floor":7,"turns":4},{"damage":5,"enemies":"Blue Slaver","floor":8,"turns":5},{"damage":12,"enemies":"3 Sentries","floor":10,"turns":8},{"damage":12,"enemies":"Lots of Slimes","floor":13,"turns":4},{"damage":34,"enemies":"Hexaghost","floor":16,"turns":13},{"damage":24,"enemies":"Shell Parasite","floor":18,"turns":7},{"damage":4,"enemies":"2 Thieves","floor":21,"turns":3},{"damage":13,"enemies":"Centurion and Healer","floor":24,"turns":6},{"damage":4,"enemies":"Snake Plant","floor":25,"turns":6},{"damage":8,"enemies":"3 Cultists","floor":27,"turns":6},{"damage":18,"enemies":"Slavers","floor":31,"turns":4},{"damage":72,"enemies":"Collector","floor":33,"turns":8}],"seed_played":"-7552530928908528669","potions_obtained":[{"floor":5,"key":"Strength Potion"},{"floor":8,"key":"EssenceOfSteel"},{"floor":13,"key":"Explosive Potion"},{"floor":16,"key":"FairyPotion"},{"floor":24,"key":"SkillPotion"},{"floor":25,"key":"Dexterity Potion"},{"floor":27,"key":"PowerPotion"}],"is_trial":false,"path_per_floor":["M","?","?","$","M","R","M","M","T","E","R","$","M","?","R","B",null,"M","?","?","M","$","R","M","M","T","M","R","T","R","E","R","B"],"character_chosen":"THE_SILENT","items_purchased":["Whetstone","Footwork","Fruit Juice","Fire Potion"],"campfire_rested":4,"item_purchase_floors":[4,12,12,22],"current_hp_per_floor":[52,52,52,52,51,51,51,46,46,34,34,39,27,27,46,12,52,28,28,28,24,24,43,30,26,26,18,37,37,37,19,53,0],"gold":107,"neow_bonus":"HUNDRED_GOLD","is_prod":false,"is_daily":false,"chose_seed":false,"campfire_upgraded":3,"win_rate":0,"timestamp":1547328633,"path_taken":["M","?","?","$","M","R","M","M","T","E","R","$","M","?","R","BOSS","M","?","?","M","?","R","M","M","T","M","R","?","R","E","R","BOSS"],"build_version":"2019-01-10","purchased_purges":1,"victory":false,"max_hp_per_floor":[66,66,60,60,60,60,60,60,60,60,60,65,65,65,65,65,65,65,65,65,65,65,65,65,65,65,65,65,65,65,65,65,65],"card_choices":[{"not_picked":["Outmaneuver","Predator"],"picked":"Dagger Spray","floor":1},{"not_picked":["Sucker Punch","Masterful Stab","Deflect"],"picked":"SKIP","floor":5},{"not_picked":["Poisoned Stab","Prepared"],"picked":"Well Laid Plans","floor":7},{"not_picked":["Backflip","Bane"],"picked":"Skewer","floor":8},{"not_picked":["Doppelganger","Acrobatics"],"picked":"Quick Slash","floor":10},{"not_picked":["Acrobatics","Flechettes"],"picked":"Blur","floor":13},{"not_picked":["Venomology","Burst"],"picked":"Glass Knife","floor":16},{"not_picked":["Bane+1","Poisoned Stab"],"picked":"Noxious Fumes","floor":18},{"not_picked":["Acrobatics+1","Poisoned Stab"],"picked":"Backflip","floor":21},{"not_picked":["Blur+1","Dagger Throw"],"picked":"PiercingWail+1","floor":24},{"not_picked":["Outmaneuver","Setup"],"picked":"Escape Plan+1","floor":25},{"not_picked":["Poisoned Stab","Bane"],"picked":"Deflect+1","floor":27},{"not_picked":["Underhanded Strike","Flying Knee"],"picked":"Prepared+1","floor":31}],"player_experience":824081,"relics_obtained":[{"floor":9,"key":"Tiny Chest"},{"floor":10,"key":"Happy Flower"},{"floor":26,"key":"Gambling Chip"},{"floor":29,"key":"Toxic Egg 2"},{"floor":31,"key":"Regal Pillow"}],"event_choices":[{"damage_healed":0,"gold_gain":0,"player_choice":"Leave","damage_taken":0,"max_hp_gain":0,"max_hp_loss":0,"event_name":"The Cleric","floor":2,"gold_loss":0},{"damage_healed":0,"gold_gain":0,"player_choice":"Lose Max HP","damage_taken":0,"relics_obtained":["Golden Idol"],"max_hp_gain":0,"max_hp_loss":6,"event_name":"Golden Idol","floor":3,"gold_loss":0},{"damage_healed":0,"gold_gain":0,"player_choice":"Fled","damage_taken":0,"max_hp_gain":0,"max_hp_loss":0,"event_name":"Scrap Ooze","floor":14,"gold_loss":0},{"damage_healed":0,"gold_gain":0,"player_choice":"Inject Mutagens","damage_taken":0,"relics_obtained":["MutagenicStrength"],"max_hp_gain":0,"max_hp_loss":0,"event_name":"Drug Dealer","floor":19,"gold_loss":0},{"damage_healed":0,"gold_gain":0,"player_choice":"Ignored","damage_taken":0,"max_hp_gain":0,"max_hp_loss":0,"event_name":"Vampires","floor":20,"gold_loss":0}],"is_beta":false,"boss_relics":[{"not_picked":["Ring of the Serpent","Black Star"],"picked":"Empty Cage"}],"items_purged_floors":[22],"is_endless":false,"potions_floor_spawned":[5,8,13,16,18,24,25,27],"killed_by":"Collector","ascension_level":19}