{"gold_per_floor":[117,117,135,146,196,227,20,20,45,55,55,75,75,104,104,176,176,195,195,195,214,214],"floor_reached":22,"playtime":1058,"items_purged":["Strike_G"],"score":388,"play_id":"a7dc9b47-27ef-4617-8909-f93e981955b5","local_time":"20190122215316","is_ascension_mode":true,"campfire_choices":[{"data":"Skewer","floor":8,"key":"SMITH"},{"data":"Noxious Fumes","floor":11,"key":"SMITH"},{"floor":13,"key":"REST"},{"data":"Bouncing Flask","floor":15,"key":"SMITH"}],"neow_cost":"NONE","seed_source_timestamp":1137646447577002,"circlet_count":0,"master_deck":["AscendersBane","Defend_G+1","Defend_G","Defend_G","Defend_G","Defend_G+1","Strike_G","Strike_G","Strike_G","Strike_G","Survivor","Neutralize","Bouncing Flask+1","Noxious Fumes+1","Skewer+1","Well Laid Plans","Backflip","Noxious Fumes","Die Die Die","Catalyst","Ghostly","Ghostly","Ghostly","PiercingWail+1"],"relics":["Ring of the Snake","War Paint","Dream Catcher","PreservedInsect","Philosopher\u0027s Stone","Ninja Scroll"],"potions_floor_usage":[6,6,14,16,18],"damage_taken":[{"damage":2,"enemies":"Jaw Worm","floor":1,"turns":9},{"damage":0,"enemies":"Cultist","floor":3,"turns":4},{"damage":10,"enemies":"Small Slimes","floor":4,"turns":5},{"damage":8,"enemies":"Gremlin Nob","floor":6,"turns":3},{"damage":9,"enemies":"Exordium Thugs","floor":10,"turns":4},{"damage":7,"enemies":"3 Louse","floor":12,"turns":4},{"damage":14,"enemies":"Lagavulin","floor":14,"turns":5},{"damage":12,"enemies":"The Guardian","floor":16,"turns":7},{"damage":19,"enemies":"2 Thieves","floor":18,"turns":3},{"damage":30,"enemies":"3 Byrds","floor":21,"turns":5},{"damage":16,"enemies":"Colosseum Slavers","floor":22,"turns":3}],"seed_played":"-6272548191847604178","potions_obtained":[{"floor":0,"key":"Fire Potion"},{"floor":0,"key":"SteroidPotion"},{"floor":6,"key":"Poison Potion"},{"floor":14,"key":"Explosive Potion"},{"floor":21,"key":"FearPotion"}],"is_trial":false,"path_per_floor":["M","?","M","M","?","E","$","R","T","M","R","M","R","E","R","B",null,"M","?","T","M","?"],"character_chosen":"THE_SILENT","items_purchased":["Well Laid Plans","Fire Potion"],"campfire_rested":1,"item_purchase_floors":[7,7],"current_hp_per_floor":[57,57,57,47,47,39,39,39,39,30,30,23,42,28,28,16,54,35,33,33,3,0],"gold":214,"neow_bonus":"THREE_SMALL_POTIONS","is_prod":false,"is_daily":false,"chose_seed":false,"campfire_upgraded":3,"win_rate":0,"timestamp":1548193996,"path_taken":["M","?","M","M","?","E","$","R","T","?","R","M","R","E","R","BOSS","M","?","?","M","?"],"build_version":"2019-01-17v2","purchased_purges":1,"victory":false,"max_hp_per_floor":[66,66,66,66,66,66,66,66,66,66,66,66,66,66,66,66,66,66,33,33,33,33],"card_choices":[{"not_picked":["Endless Agony","Prepared"],"picked":"Bouncing Flask","floor":1},{"not_picked":["Flying Knee","Deadly Poison"],"picked":"Noxious Fumes","floor":3},{"not_picked":["Deflect","Choke","Slice"],"picked":"SKIP","floor":4},{"not_picked":["Masterful Stab","Outmaneuver"],"picked":"Skewer","floor":6},{"not_picked":["Cloak And Dagger","Dagger Throw","Deflect"],"picked":"SKIP","floor":10},{"not_picked":["Dagger Spray","Flechettes"],"picked":"Backflip","floor":12},{"not_picked":["Acrobatics","Cloak And Dagger"],"picked":"Noxious Fumes","floor":13},{"not_picked":["Setup","Flechettes","Noxious Fumes"],"picked":"SKIP","floor":14},{"not_picked":["Venomology","Glass Knife"],"picked":"Die Die Die","floor":16},{"not_picked":["Accuracy","Sucker Punch"],"picked":"Catalyst","floor":18},{"not_picked":["Choke+1","Dodge and Roll"],"picked":"PiercingWail+1","floor":21}],"player_experience":973340,"relics_obtained":[{"floor":6,"key":"War Paint"},{"floor":9,"key":"Dream Catcher"},{"floor":14,"key":"PreservedInsect"},{"floor":20,"key":"Ninja Scroll"}],"event_choices":[{"damage_healed":0,"gold_gain":0,"player_choice":"Leave","damage_taken":0,"max_hp_gain":0,"max_hp_loss":0,"event_name":"The Cleric","floor":2,"gold_loss":0},{"damage_healed":0,"gold_gain":50,"player_choice":"Pray","damage_taken":0,"max_hp_gain":0,"max_hp_loss":0,"event_name":"Golden Shrine","floor":5,"gold_loss":0},{"damage_healed":0,"gold_gain":0,"player_choice":"Became a Ghost","damage_taken":0,"max_hp_gain":0,"max_hp_loss":33,"event_name":"Ghosts","floor":19,"gold_loss":0,"cards_obtained":["Ghostly","Ghostly","Ghostly"]},{"damage_healed":0,"gold_gain":0,"player_choice":"Fight","damage_taken":0,"max_hp_gain":0,"max_hp_loss":0,"event_name":"Colosseum","floor":22,"gold_loss":0}],"is_beta":false,"boss_relics":[{"not_picked":["Astrolabe","Calling Bell"],"picked":"Philosopher\u0027s Stone"}],"items_purged_floors":[7],"is_endless":false,"potions_floor_spawned":[1,6,14,21],"killed_by":"Colosseum Slavers","ascension_level":20}