{"gold_per_floor":[116,133,152,152,9,35,35,65,91,91,120,120],"floor_reached":12,"playtime":791,"items_purged":[],"score":192,"play_id":"ca165926-6145-4b19-9ae6-cdad0a3f8ca0","local_time":"20190122223310","is_ascension_mode":true,"campfire_choices":[{"data":"Deadly Poison","floor":7,"key":"SMITH"},{"floor":10,"key":"REST"}],"neow_cost":"NONE","seed_source_timestamp":1140307450722580,"circlet_count":0,"master_deck":["AscendersBane","Defend_G+1","Defend_G","Defend_G","Defend_G","Defend_G","Strike_G","Strike_G","Strike_G","Strike_G","Strike_G","Survivor","Neutralize","Deadly Poison+1","Riddle With Holes","Cloak And Dagger+1","Noxious Fumes","Dagger Spray"],"relics":["Ring of the Snake","Omamori","Potion Belt","War Paint","Pen Nib","Oddly Smooth Stone"],"potions_floor_usage":[6,8,11],"damage_taken":[{"damage":4,"enemies":"Small Slimes","floor":1,"turns":4},{"damage":3,"enemies":"Cultist","floor":2,"turns":4},{"damage":2,"enemies":"Jaw Worm","floor":3,"turns":4},{"damage":25,"enemies":"Gremlin Nob","floor":6,"turns":4},{"damage":30,"enemies":"Lagavulin","floor":8,"turns":10},{"damage":21,"enemies":"Gremlin Nob","floor":11,"turns":4},{"damage":11,"enemies":"Large Slime","floor":12,"turns":4}],"seed_played":"-7440559218354841018","potions_obtained":[{"floor":6,"key":"Dexterity Potion"},{"floor":8,"key":"Block Potion"}],"is_trial":false,"path_per_floor":["M","M","M","?","$","E","R","E","T","R","E","M"],"character_chosen":"THE_SILENT","items_purchased":["SteroidPotion","Riddle With Holes"],"campfire_rested":1,"item_purchase_floors":[5,5],"current_hp_per_floor":[61,58,56,56,56,31,31,1,1,22,1,0],"gold":120,"neow_bonus":"TEN_PERCENT_HP_BONUS","is_prod":false,"is_daily":false,"chose_seed":false,"campfire_upgraded":1,"win_rate":0,"timestamp":1548196390,"path_taken":["M","M","M","?","$","E","R","E","T","R","E","M"],"build_version":"2019-01-17v2","purchased_purges":0,"victory":false,"max_hp_per_floor":[72,72,72,72,72,72,72,72,72,72,72,72],"card_choices":[{"not_picked":["Prepared","Eviscerate"],"picked":"Deadly Poison","floor":1},{"not_picked":["Prepared","Slice"],"picked":"Deadly Poison","floor":2},{"not_picked":["Sucker Punch","Acrobatics","Cloak And Dagger"],"picked":"SKIP","floor":3},{"not_picked":["Underhanded Strike","Slice"],"picked":"Cloak And Dagger","floor":6},{"not_picked":["Dagger Spray","Quick Slash"],"picked":"Noxious Fumes","floor":8},{"not_picked":["Flying Knee","Night Terror"],"picked":"Dagger Spray","floor":11}],"player_experience":974398,"relics_obtained":[{"floor":6,"key":"Potion Belt"},{"floor":8,"key":"War Paint"},{"floor":9,"key":"Pen Nib"},{"floor":11,"key":"Oddly Smooth Stone"}],"event_choices":[{"cards_removed":["Deadly Poison"],"damage_healed":0,"gold_gain":0,"player_choice":"Gave Card","damage_taken":0,"relics_obtained":["Omamori"],"max_hp_gain":0,"max_hp_loss":0,"event_name":"WeMeetAgain","floor":4,"gold_loss":0}],"is_beta":false,"boss_relics":[],"items_purged_floors":[],"is_endless":false,"potions_floor_spawned":[6,8],"killed_by":"Large Slime","ascension_level":20}