{"gold_per_floor":[210,360,285,285,8,8,38,54,54,54,87,87,87,105,105,184,184,195,195,215,233,246,246,256,256,256,256,281,331,366,21,21,21],"floor_reached":33,"playtime":1764,"items_purged":["Doubt","Shame"],"score":542,"play_id":"f800797c-af44-4cd3-8f20-7a9642bae77e","local_time":"20190123233535","is_ascension_mode":true,"campfire_choices":[{"data":"Skewer","floor":6,"key":"SMITH"},{"floor":10,"key":"REST"},{"data":"Cloak And Dagger","floor":12,"key":"SMITH"},{"data":"PiercingWail","floor":15,"key":"SMITH"},{"floor":23,"key":"REST"},{"data":"Die Die Die","floor":25,"key":"SMITH"},{"floor":27,"key":"REST"},{"data":"Cloak And Dagger","floor":32,"key":"SMITH"}],"neow_cost":"NONE","seed_source_timestamp":1229478803610087,"circlet_count":0,"master_deck":["AscendersBane","Defend_G+1","Defend_G","Defend_G","Defend_G+1","Defend_G","Strike_G+1","Strike_G","Strike_G","Strike_G+1","Survivor+1","Neutralize+1","Skewer+1","Predator","Cloak And Dagger+1","Dodge and Roll","PiercingWail+1","Doppelganger","PiercingWail+1","Dodge and Roll+1","Riddle With Holes","Prepared+1","Die Die Die+1","Cloak And Dagger+1","Dodge and Roll+1","Noxious Fumes"],"relics":["Ring of the Snake","Matryoshka","Shuriken","Ninja Scroll","Whetstone","Unceasing Top","Anchor","Cursed Key","Pantograph","War Paint","Red Mask","The Specimen","Blood Vial"],"potions_floor_usage":[7,16,21,24,28,33,33],"damage_taken":[{"damage":0,"enemies":"2 Louse","floor":1,"turns":3},{"damage":15,"enemies":"3 Sentries","floor":7,"turns":9},{"damage":1,"enemies":"Jaw Worm","floor":8,"turns":5},{"damage":5,"enemies":"Lagavulin","floor":11,"turns":5},{"damage":0,"enemies":"Small Slimes","floor":14,"turns":1},{"damage":24,"enemies":"Slime Boss","floor":16,"turns":10},{"damage":10,"enemies":"Spheric Guardian","floor":18,"turns":4},{"damage":0,"enemies":"Shell Parasite","floor":20,"turns":3},{"damage":2,"enemies":"Chosen and Byrds","floor":21,"turns":6},{"damage":7,"enemies":"Centurion and Healer","floor":22,"turns":5},{"damage":15,"enemies":"3 Cultists","floor":24,"turns":6},{"damage":3,"enemies":"Masked Bandits","floor":28,"turns":4},{"damage":14,"enemies":"Book of Stabbing","floor":30,"turns":5},{"damage":71,"enemies":"Champ","floor":33,"turns":11}],"seed_played":"-5029743334401715879","potions_obtained":[{"floor":1,"key":"Strength Potion"},{"floor":11,"key":"Regen Potion"},{"floor":14,"key":"SkillPotion"},{"floor":16,"key":"Ancient Potion"},{"floor":21,"key":"Weak Potion"},{"floor":24,"key":"SkillPotion"},{"floor":28,"key":"Ancient Potion"},{"floor":30,"key":"Block Potion"}],"is_trial":false,"path_per_floor":["M","?","$","?","$","R","E","M","T","R","E","R","?","M","R","B",null,"M","?","M","M","M","R","M","R","T","R","?","?","E","$","R","B"],"character_chosen":"THE_SILENT","items_purchased":["Matryoshka","Noxious Fumes","Blood Vial"],"campfire_rested":3,"item_purchase_floors":[5,31,31],"current_hp_per_floor":[59,59,59,39,39,39,24,23,23,42,37,37,26,26,26,17,54,44,44,44,42,35,54,39,39,39,58,55,55,41,41,41,0],"gold":21,"neow_bonus":"HUNDRED_GOLD","is_prod":false,"is_daily":false,"chose_seed":false,"campfire_upgraded":5,"win_rate":0,"timestamp":1548286535,"path_taken":["M","?","$","?","$","R","E","M","T","R","E","R","?","M","R","BOSS","M","?","M","?","M","R","M","R","T","R","?","?","E","$","R","BOSS"],"build_version":"2019-01-23","purchased_purges":2,"victory":false,"max_hp_per_floor":[66,66,66,66,66,66,66,66,66,66,66,66,66,66,66,66,66,66,66,66,66,66,66,66,66,66,66,66,66,66,66,66,66],"card_choices":[{"not_picked":["Choke","Cloak And Dagger"],"picked":"Skewer","floor":1},{"not_picked":["Poisoned Stab","Escape Plan"],"picked":"Predator","floor":7},{"not_picked":["Caltrops","Dodge and Roll"],"picked":"Cloak And Dagger","floor":8},{"not_picked":["Dagger Throw","Calculated Gamble"],"picked":"Dodge and Roll","floor":11},{"not_picked":["Outmaneuver","Flying Knee"],"picked":"PiercingWail","floor":14},{"not_picked":["Burst","Venomology"],"picked":"Doppelganger","floor":16},{"not_picked":["Blade Dance","Quick Slash"],"picked":"PiercingWail+1","floor":18},{"not_picked":["Underhanded Strike","Skewer"],"picked":"Dodge and Roll+1","floor":20},{"not_picked":["Outmaneuver","Calculated Gamble"],"picked":"Riddle With Holes","floor":21},{"not_picked":["Deadly Poison+1","Sucker Punch"],"picked":"Prepared+1","floor":22},{"not_picked":["Caltrops","PiercingWail"],"picked":"Die Die Die","floor":24},{"not_picked":["Bane","Flechettes"],"picked":"Cloak And Dagger","floor":28},{"not_picked":["Deflect","Bouncing Flask"],"picked":"Dodge and Roll+1","floor":30}],"player_experience":982125,"relics_obtained":[{"floor":7,"key":"Shuriken"},{"floor":9,"key":"Ninja Scroll"},{"floor":9,"key":"Whetstone"},{"floor":11,"key":"Unceasing Top"},{"floor":26,"key":"Pantograph"},{"floor":26,"key":"War Paint"},{"floor":28,"key":"Red Mask"},{"floor":30,"key":"The Specimen"}],"event_choices":[{"damage_healed":0,"gold_gain":150,"player_choice":"AGREE","damage_taken":0,"max_hp_gain":0,"max_hp_loss":0,"event_name":"Liars Game","floor":2,"gold_loss":0,"cards_obtained":["Doubt"]},{"damage_healed":0,"gold_gain":0,"player_choice":"Entered Light","damage_taken":20,"max_hp_gain":0,"max_hp_loss":0,"event_name":"Shining Light","floor":4,"gold_loss":0,"cards_upgraded":["Survivor","Neutralize"]},{"damage_healed":0,"gold_gain":0,"player_choice":"Success","damage_taken":11,"relics_obtained":["Anchor"],"max_hp_gain":0,"max_hp_loss":0,"event_name":"Scrap Ooze","floor":13,"gold_loss":0},{"cards_removed":["Strike_G"],"damage_healed":0,"gold_gain":0,"player_choice":"Purged","damage_taken":0,"max_hp_gain":0,"max_hp_loss":0,"event_name":"Purifier","floor":19,"gold_loss":0},{"damage_healed":0,"gold_gain":0,"player_choice":"Fought Bandits","damage_taken":0,"max_hp_gain":0,"max_hp_loss":0,"event_name":"Masked Bandits","floor":28,"gold_loss":0},{"damage_healed":0,"gold_gain":50,"player_choice":"Pray","damage_taken":0,"max_hp_gain":0,"max_hp_loss":0,"event_name":"Golden Shrine","floor":29,"gold_loss":0}],"is_beta":false,"boss_relics":[{"not_picked":["Fusion Hammer","White Beast Statue"],"picked":"Cursed Key"}],"items_purged_floors":[3,31],"is_endless":false,"potions_floor_spawned":[1,11,14,16,21,24,28,30],"killed_by":"Champ","ascension_level":20}