{"gold_per_floor":[117,117,0,0,15,48,48,48,48,75,75,99,114,146,146,219,219,238,238,258,268,26,26,56,0,25,43,43,43],"floor_reached":29,"playtime":1119,"items_purged":["Strike_G+1"],"score":568,"play_id":"a0ce6744-6218-4390-bf6b-51a733f2726b","local_time":"20190122213254","is_ascension_mode":true,"campfire_choices":[{"data":"Poisoned Stab","floor":7,"key":"SMITH"},{"floor":11,"key":"REST"},{"floor":15,"key":"REST"},{"floor":23,"key":"REST"}],"neow_cost":"NONE","seed_source_timestamp":1136362928617893,"circlet_count":0,"master_deck":["AscendersBane","Defend_G+1","Defend_G+1","Defend_G+1","Defend_G+1","Defend_G+1","Strike_G+1","Strike_G+1","Strike_G+1","Strike_G+1","Survivor","Neutralize","Poisoned Stab+1","Crippling Poison","Caltrops","Dagger Throw","Corpse Explosion","Dodge and Roll","Dash","Leg Sweep","Well Laid Plans"],"relics":["Ring of the Snake","NeowsBlessing","War Paint","Bag of Marbles","Ninja Scroll","Odd Mushroom","Dodecahedron","Velvet Choker","The Courier","Dream Catcher"],"potions_floor_usage":[16,16,24],"damage_taken":[{"damage":0,"enemies":"Jaw Worm","floor":1,"turns":1},{"damage":0,"enemies":"Small Slimes","floor":5,"turns":1},{"damage":0,"enemies":"Lagavulin","floor":6,"turns":1},{"damage":29,"enemies":"Gremlin Nob","floor":10,"turns":4},{"damage":0,"enemies":"The Mushroom Lair","floor":12,"turns":1},{"damage":0,"enemies":"Cultist","floor":13,"turns":3},{"damage":10,"enemies":"3 Sentries","floor":14,"turns":2},{"damage":27,"enemies":"The Guardian","floor":16,"turns":11},{"damage":0,"enemies":"3 Byrds","floor":18,"turns":2},{"damage":6,"enemies":"2 Thieves","floor":20,"turns":2},{"damage":13,"enemies":"Shelled Parasite and Fungi","floor":21,"turns":5},{"damage":30,"enemies":"Book of Stabbing","floor":24,"turns":6},{"damage":6,"enemies":"Snake Plant","floor":27,"turns":4},{"damage":7,"enemies":"Centurion and Healer","floor":29,"turns":4}],"seed_played":"952105365890098591","potions_obtained":[{"floor":12,"key":"PowerPotion"},{"floor":14,"key":"FearPotion"},{"floor":16,"key":"Poison Potion"},{"floor":20,"key":"Weak Potion"},{"floor":24,"key":"Weak Potion"}],"is_trial":false,"path_per_floor":["M","?","$","?","M","E","R","$","T","E","R","?","M","E","R","B",null,"M","?","M","M","$","R","E","?","T","M","?","M"],"character_chosen":"THE_SILENT","items_purchased":["Crippling Poison","Caltrops","GhostInAJar","Leg Sweep"],"campfire_rested":3,"item_purchase_floors":[3,3,22,22],"current_hp_per_floor":[59,39,39,39,39,39,39,39,39,10,29,29,29,19,38,11,52,52,52,46,33,33,52,22,22,22,16,7,0],"gold":43,"neow_bonus":"THREE_ENEMY_KILL","is_prod":false,"is_daily":false,"chose_seed":false,"campfire_upgraded":1,"win_rate":0,"timestamp":1548192774,"path_taken":["M","?","$","?","?","E","R","?","T","E","R","?","M","E","R","BOSS","M","?","M","M","$","R","E","?","T","M","?","M"],"build_version":"2019-01-17v2","purchased_purges":1,"victory":false,"max_hp_per_floor":[66,66,66,66,66,66,66,66,66,66,66,66,66,66,66,66,66,66,66,66,66,66,66,66,66,66,66,66,66],"card_choices":[{"not_picked":["Acrobatics","Crippling Poison"],"picked":"Poisoned Stab","floor":1},{"not_picked":["Caltrops","Infinite Blades","Sucker Punch"],"picked":"SKIP","floor":5},{"not_picked":["Escape Plan","Sucker Punch","Endless Agony"],"picked":"SKIP","floor":6},{"not_picked":["Blade Dance","Masterful Stab","Expertise"],"picked":"SKIP","floor":10},{"not_picked":["Bullet Time","Flechettes"],"picked":"Dodge and Roll","floor":13},{"not_picked":["Outmaneuver","Underhanded Strike"],"picked":"Dash","floor":14},{"not_picked":["Deflect","Backflip","Caltrops"],"picked":"SKIP","floor":18},{"not_picked":["Bane","Tools of the Trade","Choke"],"picked":"SKIP","floor":20},{"not_picked":["Crippling Poison","Choke","Sucker Punch+1"],"picked":"SKIP","floor":21},{"not_picked":["Crippling Poison","Dagger Spray","Tactician"],"picked":"SKIP","floor":24},{"not_picked":["Infinite Blades+1","Dodge and Roll"],"picked":"Well Laid Plans","floor":27}],"player_experience":972221,"relics_obtained":[{"floor":6,"key":"War Paint"},{"floor":9,"key":"Bag of Marbles"},{"floor":10,"key":"Ninja Scroll"},{"floor":12,"key":"Odd Mushroom"},{"floor":14,"key":"Dodecahedron"},{"floor":24,"key":"The Courier"},{"floor":26,"key":"Dream Catcher"}],"event_choices":[{"damage_healed":0,"gold_gain":0,"player_choice":"Entered Light","damage_taken":20,"max_hp_gain":0,"max_hp_loss":0,"event_name":"Shining Light","floor":2,"gold_loss":0,"cards_upgraded":["Strike_G","Defend_G"]},{"damage_healed":0,"gold_gain":0,"player_choice":"2 cards matched","damage_taken":0,"max_hp_gain":0,"max_hp_loss":0,"event_name":"Match and Keep!","floor":4,"gold_loss":0,"cards_obtained":["Dagger Throw","Corpse Explosion"]},{"damage_healed":0,"gold_gain":0,"player_choice":"Fought Mushrooms","damage_taken":0,"max_hp_gain":0,"max_hp_loss":0,"event_name":"Mushrooms","floor":12,"gold_loss":0},{"damage_healed":0,"gold_gain":0,"player_choice":"Simplicity","damage_taken":0,"max_hp_gain":0,"max_hp_loss":0,"event_name":"Back to Basics","floor":19,"gold_loss":0,"cards_upgraded":["Defend_G","Defend_G","Strike_G","Strike_G","Strike_G","Strike_G"]},{"damage_healed":0,"gold_gain":0,"player_choice":"Paid Fearfully","damage_taken":0,"max_hp_gain":0,"max_hp_loss":0,"event_name":"Masked Bandits","floor":25,"gold_loss":56},{"damage_healed":0,"gold_gain":0,"player_choice":"Damaged","damage_taken":9,"max_hp_gain":0,"max_hp_loss":0,"event_name":"Wheel of Change","floor":28,"gold_loss":0}],"is_beta":false,"boss_relics":[{"not_picked":["Orrery","Coffee Dripper"],"picked":"Velvet Choker"}],"items_purged_floors":[22],"is_endless":false,"potions_floor_spawned":[12,14,16,20,24],"killed_by":"Centurion and Healer","ascension_level":20}