{"gold_per_floor":[113,113,38,58,77,77,96,123,123,123,142,162,191,49,49,127,127,147,147,147,161,61,61,86,97,143,143,143,143,10,29,29,101,101,113,125,0,0,19,19,19],"floor_reached":41,"playtime":3073,"items_purged":["Regret","Strike_G","Strike_G"],"score":842,"play_id":"a08fdf44-fa2e-4faf-a810-9dada3b5e696","local_time":"20190302133707","is_ascension_mode":true,"campfire_choices":[{"data":"Dagger Spray","floor":6,"key":"SMITH"},{"data":"Dagger Spray","floor":10,"key":"SMITH"},{"floor":15,"key":"REST"},{"floor":23,"key":"REST"},{"floor":27,"key":"REST"},{"data":"Noxious Fumes","floor":29,"key":"SMITH"},{"floor":32,"key":"REST"},{"floor":40,"key":"REST"}],"neow_cost":"CURSE","seed_source_timestamp":1451076897991262,"circlet_count":0,"master_deck":["AscendersBane","Defend_G","Defend_G","Defend_G","Defend_G","Defend_G","Strike_G","Strike_G","Strike_G","Survivor","Neutralize+1","PiercingWail","Footwork","Dagger Spray+1","Quick Slash","Dagger Spray+1","Backflip","Dagger Throw","Noxious Fumes+1","Backstab","Flash of Steel","Malaise","Dodge and Roll","Storm of Steel","Dagger Spray+1","PiercingWail","Leg Sweep+1","Caltrops+1","Writhe"],"relics":["Ring of the Snake","Tough Bandages","Dodecahedron","Pear","Mummified Hand","Runic Pyramid","Nilry\u0027s Codex","Ancient Tea Set","Boot","Cursed Key"],"potions_floor_usage":[8,8,16,24,24,25,25,33,41,41],"damage_taken":[{"damage":0,"enemies":"Small Slimes","floor":1,"turns":4},{"damage":0,"enemies":"Cultist","floor":4,"turns":3},{"damage":0,"enemies":"2 Louse","floor":5,"turns":4},{"damage":1,"enemies":"Exordium Thugs","floor":7,"turns":5},{"damage":24,"enemies":"Lagavulin","floor":8,"turns":9},{"damage":0,"enemies":"2 Fungi Beasts","floor":11,"turns":3},{"damage":4,"enemies":"Blue Slaver","floor":12,"turns":5},{"damage":12,"enemies":"3 Sentries","floor":13,"turns":5},{"damage":22,"enemies":"Slime Boss","floor":16,"turns":10},{"damage":0,"enemies":"Chosen","floor":18,"turns":5},{"damage":13,"enemies":"Shell Parasite","floor":21,"turns":5},{"damage":27,"enemies":"Book of Stabbing","floor":24,"turns":8},{"damage":11,"enemies":"Cultist and Chosen","floor":25,"turns":4},{"damage":4,"enemies":"Sentry and Sphere","floor":31,"turns":7},{"damage":35,"enemies":"Collector","floor":33,"turns":10},{"damage":11,"enemies":"3 Darklings","floor":35,"turns":5},{"damage":0,"enemies":"3 Shapes","floor":36,"turns":4},{"damage":14,"enemies":"Maw","floor":39,"turns":10},{"damage":105,"enemies":"Giant Head","floor":41,"turns":9}],"seed_played":"-4316464144949095291","potions_obtained":[{"floor":4,"key":"Swift Potion"},{"floor":7,"key":"AttackPotion"},{"floor":11,"key":"Weak Potion"},{"floor":13,"key":"AttackPotion"},{"floor":20,"key":"FearPotion"},{"floor":24,"key":"Block Potion"},{"floor":25,"key":"Fruit Juice"},{"floor":36,"key":"Fire Potion"}],"is_trial":false,"path_per_floor":["M","?","$","M","M","R","M","E","T","R","M","M","E","$","R","B",null,"M","?","?","M","$","R","E","M","T","R","?","R","$","M","R","B",null,"M","M","$","?","M","R","E"],"character_chosen":"THE_SILENT","items_purchased":["Backstab","Flash of Steel","GhostInAJar","SteroidPotion"],"campfire_rested":5,"item_purchase_floors":[14,14,30,30],"current_hp_per_floor":[59,59,59,59,59,59,58,34,44,44,44,40,28,28,50,28,64,64,43,43,30,30,52,25,19,19,43,43,43,43,39,63,28,68,57,57,57,73,59,81,0],"gold":19,"neow_bonus":"ONE_RARE_RELIC","is_prod":false,"is_daily":false,"chose_seed":false,"campfire_upgraded":3,"win_rate":0,"timestamp":1551533827,"path_taken":["M","?","$","M","M","R","?","E","T","R","M","M","E","$","R","BOSS","M","?","?","?","$","R","E","M","T","R","?","R","$","M","R","BOSS","M","M","$","?","M","R","E"],"build_version":"2019-01-23","purchased_purges":3,"victory":false,"max_hp_per_floor":[66,66,66,66,66,66,66,66,76,76,76,76,76,76,76,76,76,76,76,76,76,76,76,76,81,81,81,81,81,81,81,81,81,81,81,81,81,81,81,81,81],"card_choices":[{"not_picked":["Bane","Escape Plan"],"picked":"PiercingWail","floor":1},{"not_picked":["Deflect","Sucker Punch"],"picked":"Footwork","floor":4},{"not_picked":["Flying Knee","Backflip"],"picked":"Dagger Spray","floor":5},{"not_picked":["Blade Dance","Caltrops"],"picked":"Quick Slash","floor":7},{"not_picked":["Grand Finale","Backflip"],"picked":"Dagger Spray","floor":8},{"not_picked":["Choke","Blade Dance"],"picked":"Backflip","floor":11},{"not_picked":["Glass Knife","Outmaneuver"],"picked":"Dagger Throw","floor":12},{"not_picked":["Masterful Stab","Endless Agony"],"picked":"Noxious Fumes","floor":13},{"not_picked":["Venomology","Corpse Explosion"],"picked":"Malaise","floor":16},{"not_picked":["Flying Knee","Predator","Bane"],"picked":"SKIP","floor":18},{"not_picked":["Sucker Punch","Setup"],"picked":"Dodge and Roll","floor":21},{"not_picked":["All Out Attack","Prepared"],"picked":"Storm of Steel","floor":24},{"not_picked":["Dodge and Roll","Backflip"],"picked":"Dagger Spray+1","floor":25},{"not_picked":["Endless Agony+1","Finisher"],"picked":"PiercingWail","floor":31},{"not_picked":["Dagger Throw+1","Dodge and Roll+1"],"picked":"Leg Sweep+1","floor":35},{"not_picked":["Bane","Setup"],"picked":"Caltrops+1","floor":36},{"not_picked":["Dagger Throw","Quick Slash","Sucker Punch"],"picked":"SKIP","floor":39}],"player_experience":1244193,"relics_obtained":[{"floor":8,"key":"Dodecahedron"},{"floor":9,"key":"Pear"},{"floor":13,"key":"Mummified Hand"},{"floor":19,"key":"Nilry\u0027s Codex"},{"floor":24,"key":"Ancient Tea Set"},{"floor":26,"key":"Boot"}],"event_choices":[{"damage_healed":0,"gold_gain":0,"player_choice":"Upgraded","damage_taken":0,"max_hp_gain":0,"max_hp_loss":0,"event_name":"Upgrade Shrine","floor":2,"gold_loss":0,"cards_upgraded":["Neutralize"]},{"damage_healed":0,"gold_gain":0,"player_choice":"Obtained Book","damage_taken":21,"max_hp_gain":0,"max_hp_loss":0,"event_name":"Cursed Tome","floor":19,"gold_loss":0},{"damage_healed":0,"gold_gain":0,"player_choice":"Got Potions","damage_taken":0,"max_hp_gain":0,"max_hp_loss":0,"event_name":"Lab","floor":20,"gold_loss":0},{"damage_healed":16,"gold_gain":0,"player_choice":"Writhe","damage_taken":0,"max_hp_gain":0,"max_hp_loss":0,"event_name":"Winding Halls","floor":38,"gold_loss":0,"cards_obtained":["Writhe"]}],"is_beta":false,"boss_relics":[{"not_picked":["Empty Cage","White Beast Statue"],"picked":"Runic Pyramid"},{"not_picked":["Fusion Hammer","Runic Dome"],"picked":"Cursed Key"}],"items_purged_floors":[3,22,37],"is_endless":false,"potions_floor_spawned":[4,7,11,13,24,25,31,36,39],"killed_by":"Giant Head","ascension_level":20}