{"gold_per_floor":[210,220,220,220,240,240,28,28,28,63,63,63,63,79,79,153,153,167,182,47,47,47,75,90,90,117,30,40,68,85,45,45,119,119,139,139,149,165,180,215,215,244,269,282,294,159,190,206,206,206,206,206,206,46,81,81],"floor_reached":56,"playtime":5630,"items_purged":["Strike_G","Writhe","Decay","Strike_G+1"],"score":2079,"play_id":"bb034c72-c443-4506-84f5-e59e92aec275","local_time":"20190303000633","is_ascension_mode":true,"campfire_choices":[{"data":"Poisoned Stab","floor":6,"key":"SMITH"},{"data":"Neutralize","floor":8,"key":"SMITH"},{"data":"Catalyst","floor":11,"key":"SMITH"},{"data":"Cloak And Dagger","floor":13,"key":"SMITH"},{"data":"Poisoned Stab","floor":15,"key":"SMITH"},{"floor":25,"key":"REST"},{"floor":32,"key":"RECALL"},{"floor":41,"key":"REST"},{"floor":49,"key":"REST"},{"floor":53,"key":"REST"}],"neow_cost":"NONE","seed_source_timestamp":1486290092817766,"circlet_count":0,"master_deck":["AscendersBane","Defend_G+1","Defend_G+1","Defend_G+1","Defend_G+1","Defend_G+1","Strike_G+1","Strike_G+1","Strike_G+1","Survivor","Neutralize+1","Cloak And Dagger+1","Deadly Poison+1","Poisoned Stab+1","Catalyst+1","Poisoned Stab+1","Well Laid Plans","Corpse Explosion","PiercingWail","Noxious Fumes","PiercingWail","Night Terror","Backstab","PiercingWail","Escape Plan","Blade Dance","Infinite Blades","Backflip","PiercingWail","Backstab","Backstab+1","PiercingWail+1","Dodge and Roll","Blur+1","Blade Dance"],"relics":["Ring of the Snake","Matryoshka","Dead Branch","Strawberry","Darkstone Periapt","Fusion Hammer","Bag of Preparation","Paper Crane","Regal Pillow","Smiling Mask","Kunai","Cursed Key","Blue Candle","Dream Catcher","Happy Flower","Bag of Marbles"],"potions_floor_usage":[19,23,33,47,51,55,56],"damage_taken":[{"damage":4,"enemies":"Small Slimes","floor":1,"turns":3},{"damage":7,"enemies":"Jaw Worm","floor":2,"turns":7},{"damage":0,"enemies":"Cultist","floor":5,"turns":3},{"damage":8,"enemies":"Gremlin Nob","floor":10,"turns":3},{"damage":0,"enemies":"Lots of Slimes","floor":14,"turns":3},{"damage":19,"enemies":"Hexaghost","floor":16,"turns":8},{"damage":0,"enemies":"Spheric Guardian","floor":18,"turns":2},{"damage":8,"enemies":"2 Thieves","floor":19,"turns":3},{"damage":10,"enemies":"Slavers","floor":23,"turns":6},{"damage":0,"enemies":"Snake Plant","floor":24,"turns":4},{"damage":0,"enemies":"3 Cultists","floor":28,"turns":2},{"damage":0,"enemies":"Book of Stabbing","floor":29,"turns":5},{"damage":0,"enemies":"Chosen and Byrds","floor":30,"turns":2},{"damage":61,"enemies":"Collector","floor":33,"turns":7},{"damage":0,"enemies":"Orb Walker","floor":35,"turns":3},{"damage":1,"enemies":"3 Shapes","floor":37,"turns":5},{"damage":3,"enemies":"Writhing Mass","floor":38,"turns":4},{"damage":0,"enemies":"Transient","floor":39,"turns":4},{"damage":20,"enemies":"Nemesis","floor":40,"turns":7},{"damage":8,"enemies":"Giant Head","floor":42,"turns":3},{"damage":7,"enemies":"Spire Growth","floor":44,"turns":3},{"damage":0,"enemies":"Writhing Mass","floor":45,"turns":5},{"damage":38,"enemies":"Reptomancer","floor":47,"turns":8},{"damage":0,"enemies":"Transient","floor":48,"turns":6},{"damage":17,"enemies":"Awakened One","floor":50,"turns":13},{"damage":26,"enemies":"Donu and Deca","floor":51,"turns":8},{"damage":49,"enemies":"Shield and Spear","floor":55,"turns":7},{"damage":38,"enemies":"The Heart","floor":56,"turns":2}],"seed_played":"-6251810294907461947","potions_obtained":[{"floor":2,"key":"Block Potion"},{"floor":14,"key":"Regen Potion"},{"floor":19,"key":"SkillPotion"},{"floor":23,"key":"PowerPotion"},{"floor":24,"key":"Poison Potion"},{"floor":39,"key":"PowerPotion"},{"floor":47,"key":"GhostInAJar"}],"is_trial":false,"path_per_floor":["M","M","?","?","M","R","$","R","T","E","R","T","R","M","R","B",null,"M","M","$","?","?","E","M","R","T","$","M","E","M","$","R","B",null,"M","?","M","M","M","E","R","E","T","M","M","$","E","M","R","B","B",null,"R","$","E","B"],"character_chosen":"THE_SILENT","items_purchased":["Catalyst","Poisoned Stab","Noxious Fumes","PiercingWail","Backstab","Infinite Blades","GhostInAJar","Blade Dance","SkillPotion"],"campfire_rested":4,"item_purchase_floors":[7,7,20,20,27,31,46,54,54],"current_hp_per_floor":[55,48,48,48,48,48,48,48,48,40,40,47,47,47,47,28,62,62,54,54,60,60,50,50,73,73,73,73,73,73,73,73,27,66,66,66,65,62,62,42,79,71,77,70,70,70,32,32,72,55,29,71,85,85,36,0],"gold":81,"neow_bonus":"HUNDRED_GOLD","is_prod":false,"is_daily":false,"chose_seed":false,"campfire_upgraded":5,"win_rate":0,"timestamp":1551571593,"path_taken":["M","M","?","?","M","R","$","R","T","E","R","?","R","M","R","BOSS","M","M","$","?","?","E","M","R","T","$","M","E","?","$","R","BOSS","M","?","?","M","M","E","R","E","T","M","M","$","E","M","R","BOSS","BOSS","R","$","E","BOSS"],"build_version":"2019-01-23","purchased_purges":4,"victory":false,"max_hp_per_floor":[66,66,66,66,66,66,66,66,66,66,66,73,73,73,73,73,73,73,73,73,79,79,79,79,79,79,79,79,79,79,79,79,79,79,79,79,79,79,79,79,79,79,85,85,85,85,85,85,85,85,85,85,85,85,85,85],"card_choices":[{"not_picked":["Prepared","Slice"],"picked":"Cloak And Dagger","floor":1},{"not_picked":["PiercingWail","Catalyst"],"picked":"Deadly Poison","floor":2},{"not_picked":["Deflect","Sucker Punch"],"picked":"Poisoned Stab","floor":5},{"not_picked":["Flying Knee","Escape Plan"],"picked":"Well Laid Plans","floor":10},{"not_picked":["Flying Knee","Prepared","Dash"],"picked":"SKIP","floor":14},{"not_picked":["Tools of the Trade","After Image"],"picked":"Corpse Explosion","floor":16},{"not_picked":["Accuracy","Caltrops"],"picked":"PiercingWail","floor":18},{"not_picked":["Bane","Outmaneuver","Prepared"],"picked":"SKIP","floor":19},{"not_picked":["Well Laid Plans","Finisher+1"],"picked":"Night Terror","floor":23},{"not_picked":["Well Laid Plans","Poisoned Stab","Prepared"],"picked":"SKIP","floor":24},{"not_picked":["Flying Knee+1","Poisoned Stab"],"picked":"PiercingWail","floor":28},{"not_picked":["Dagger Spray","Bane"],"picked":"Escape Plan","floor":29},{"not_picked":["Poisoned Stab+1","Accuracy"],"picked":"Blade Dance","floor":30},{"not_picked":["Cloak And Dagger","Poisoned Stab"],"picked":"Backflip","floor":35},{"not_picked":["Acrobatics","Slice+1","Calculated Gamble+1"],"picked":"SKIP","floor":37},{"not_picked":["Finisher","Expertise+1","Blur"],"picked":"SKIP","floor":38},{"not_picked":["Blade Dance","Dagger Spray","Riddle With Holes"],"picked":"SKIP","floor":39},{"not_picked":["Bane","Underhanded Strike","Finisher"],"picked":"SKIP","floor":40},{"not_picked":["Poisoned Stab","Flying Knee"],"picked":"Backstab","floor":42},{"not_picked":["Deadly Poison","All Out Attack+1"],"picked":"Backstab+1","floor":44},{"not_picked":["Poisoned Stab","Sucker Punch","Dash"],"picked":"SKIP","floor":45},{"not_picked":["Dash","Bullet Time"],"picked":"PiercingWail+1","floor":47},{"not_picked":["Backflip","Dagger Spray"],"picked":"Dodge and Roll","floor":48},{"not_picked":["Prepared","Dagger Throw"],"picked":"Blur+1","floor":53},{"not_picked":["Deadly Poison","Blade Dance","Outmaneuver"],"picked":"SKIP","floor":55}],"player_experience":1249828,"relics_obtained":[{"floor":9,"key":"Matryoshka"},{"floor":10,"key":"Dead Branch"},{"floor":12,"key":"Strawberry"},{"floor":12,"key":"Darkstone Periapt"},{"floor":23,"key":"Paper Crane"},{"floor":26,"key":"Regal Pillow"},{"floor":26,"key":"Smiling Mask"},{"floor":29,"key":"Kunai"},{"floor":40,"key":"Blue Candle"},{"floor":42,"key":"Dream Catcher"},{"floor":47,"key":"Happy Flower"},{"floor":55,"key":"Bag of Marbles"}],"event_choices":[{"damage_healed":0,"gold_gain":0,"player_choice":"Grow","damage_taken":0,"max_hp_gain":0,"max_hp_loss":0,"event_name":"Living Wall","floor":3,"gold_loss":0,"cards_upgraded":["Deadly Poison"]},{"damage_healed":0,"gold_gain":0,"player_choice":"Leave","damage_taken":0,"max_hp_gain":0,"max_hp_loss":0,"event_name":"The Cleric","floor":4,"gold_loss":0},{"damage_healed":0,"gold_gain":0,"player_choice":"Opened","damage_taken":0,"relics_obtained":["Bag of Preparation"],"max_hp_gain":0,"max_hp_loss":0,"event_name":"The Mausoleum","floor":21,"gold_loss":0,"cards_obtained":["Writhe"]},{"damage_healed":0,"gold_gain":0,"player_choice":"Simplicity","damage_taken":0,"max_hp_gain":0,"max_hp_loss":0,"event_name":"Back to Basics","floor":22,"gold_loss":0,"cards_upgraded":["Defend_G","Defend_G","Defend_G","Defend_G","Defend_G","Strike_G","Strike_G","Strike_G","Strike_G"]},{"damage_healed":0,"gold_gain":0,"player_choice":"1 cards matched","damage_taken":0,"max_hp_gain":0,"max_hp_loss":0,"event_name":"Match and Keep!","floor":36,"gold_loss":0,"cards_obtained":["PiercingWail"]}],"is_beta":false,"boss_relics":[{"not_picked":["Coffee Dripper","HoveringKite"],"picked":"Fusion Hammer"},{"not_picked":["Pandora\u0027s Box","Tiny House"],"picked":"Cursed Key"}],"items_purged_floors":[7,27,46,54],"is_endless":false,"potions_floor_spawned":[2,14,16,19,23,24,39,40,44,45,47],"killed_by":"The Heart","ascension_level":20}