{"gold_per_floor":[119,133,143,143,156,190,61,61,61,72,91,125,125,155,155,229,229,243,243,243,21,40,74,74,104,104,129,129,129,164,177,177,248,248,268,37,37,37,50,76,76,103,103,132,132,161,178,178,178,178,178,178,178,23,55,55],"floor_reached":56,"playtime":5460,"items_purged":["Masterful Stab+1"],"score":2092,"play_id":"9e85dc36-a563-4bff-ab27-641522836399","local_time":"20190303145242","is_ascension_mode":true,"campfire_choices":[{"floor":8,"key":"REST"},{"data":"Glass Knife","floor":13,"key":"SMITH"},{"floor":15,"key":"REST"},{"floor":24,"key":"REST"},{"data":"Footwork","floor":29,"key":"SMITH"},{"floor":32,"key":"REST"},{"floor":41,"key":"REST"},{"floor":45,"key":"RECALL"},{"floor":49,"key":"REST"},{"data":"Dagger Spray","floor":53,"key":"SMITH"}],"neow_cost":"NONE","seed_source_timestamp":1539535115532855,"circlet_count":0,"master_deck":["AscendersBane","Defend_G","Defend_G","Defend_G","Defend_G","Defend_G","Strike_G","Survivor","Neutralize+1","Dagger Spray","PiercingWail","Dagger Spray+1","Glass Knife+1","Footwork+1","Backstab","Dagger Throw","Leg Sweep","Adrenaline","Backflip+1","Deflect+1","Distraction+1","Doppelganger","Caltrops+1","Envenom","Masterful Stab+1","Heel Hook+1","Flash of Steel","Finesse","Finesse","Adrenaline","Malaise","Dodge and Roll","PiercingWail+1","Blur","Backflip","Choke"],"relics":["Ring of the Snake","Bronze Scales","Mango","Regal Pillow","Cursed Key","MutagenicStrength","ClockworkSouvenir","Question Card","Pantograph","Ninja Scroll","Thread and Needle","Astrolabe","Sling","Oddly Smooth Stone","PreservedInsect","Sundial","Dream Catcher","Spirit Poop","Kunai"],"potions_floor_usage":[6,12,16,18,30,33,40,44,51,55,56,56],"damage_taken":[{"damage":1,"enemies":"Cultist","floor":1,"turns":4},{"damage":2,"enemies":"2 Louse","floor":2,"turns":4},{"damage":0,"enemies":"Jaw Worm","floor":3,"turns":5},{"damage":5,"enemies":"2 Fungi Beasts","floor":5,"turns":5},{"damage":32,"enemies":"3 Sentries","floor":6,"turns":7},{"damage":0,"enemies":"3 Louse","floor":10,"turns":2},{"damage":1,"enemies":"Exordium Thugs","floor":11,"turns":3},{"damage":6,"enemies":"Gremlin Nob","floor":12,"turns":3},{"damage":18,"enemies":"Lagavulin","floor":14,"turns":5},{"damage":34,"enemies":"The Guardian","floor":16,"turns":12},{"damage":11,"enemies":"2 Thieves","floor":18,"turns":4},{"damage":11,"enemies":"Shell Parasite","floor":22,"turns":3},{"damage":21,"enemies":"Book of Stabbing","floor":23,"turns":5},{"damage":6,"enemies":"Gremlin Leader","floor":25,"turns":6},{"damage":1,"enemies":"Slavers","floor":27,"turns":4},{"damage":20,"enemies":"Gremlin Leader","floor":30,"turns":8},{"damage":4,"enemies":"Shelled Parasite and Fungi","floor":31,"turns":3},{"damage":49,"enemies":"Collector","floor":33,"turns":13},{"damage":0,"enemies":"Orb Walker","floor":35,"turns":2},{"damage":0,"enemies":"3 Darklings","floor":39,"turns":1},{"damage":25,"enemies":"Reptomancer","floor":40,"turns":6},{"damage":12,"enemies":"Nemesis","floor":42,"turns":5},{"damage":2,"enemies":"Reptomancer","floor":44,"turns":3},{"damage":14,"enemies":"Nemesis","floor":46,"turns":3},{"damage":0,"enemies":"Jaw Worm Horde","floor":47,"turns":3},{"damage":50,"enemies":"Awakened One","floor":50,"turns":22},{"damage":41,"enemies":"Donu and Deca","floor":51,"turns":14},{"damage":2,"enemies":"Shield and Spear","floor":55,"turns":6},{"damage":83,"enemies":"The Heart","floor":56,"turns":8}],"seed_played":"8698629443828803478","potions_obtained":[{"floor":1,"key":"GhostInAJar"},{"floor":5,"key":"Explosive Potion"},{"floor":6,"key":"EssenceOfSteel"},{"floor":11,"key":"Poison Potion"},{"floor":12,"key":"SpeedPotion"},{"floor":14,"key":"SteroidPotion"},{"floor":16,"key":"AttackPotion"},{"floor":22,"key":"Weak Potion"},{"floor":23,"key":"Regen Potion"},{"floor":31,"key":"GamblersBrew"},{"floor":40,"key":"Poison Potion"},{"floor":42,"key":"AttackPotion"},{"floor":44,"key":"GhostInAJar"},{"floor":55,"key":"Dexterity Potion"}],"is_trial":false,"path_per_floor":["M","M","M","?","M","E","$","R","T","M","M","E","R","E","R","B",null,"M","?","?","$","M","E","R","E","T","E","?","R","E","M","R","B",null,"M","$","?","?","M","E","R","E","T","E","R","E","M","?","R","B","B",null,"R","$","E","B"],"character_chosen":"THE_SILENT","items_purchased":["Footwork","Backstab","ClockworkSouvenir","Sling","LiquidBronze"],"campfire_rested":6,"item_purchase_floors":[7,7,21,36,54],"current_hp_per_floor":[58,56,56,56,51,19,19,38,38,38,37,45,45,27,66,32,68,57,57,57,57,46,25,64,58,58,57,57,57,52,48,80,31,68,68,68,68,58,58,33,72,60,60,58,58,44,44,44,80,30,14,64,64,64,62,0],"gold":55,"neow_bonus":"UPGRADE_CARD","is_prod":false,"is_daily":false,"chose_seed":false,"campfire_upgraded":3,"win_rate":0,"timestamp":1551624762,"path_taken":["M","?","M","?","M","E","$","R","T","M","M","E","R","E","R","BOSS","M","?","?","$","M","E","R","E","T","E","?","R","E","?","R","BOSS","M","$","?","?","M","E","R","E","T","E","R","E","M","?","R","BOSS","BOSS","R","$","E","BOSS"],"build_version":"2019-01-23","purchased_purges":1,"victory":false,"max_hp_per_floor":[66,66,66,66,66,66,66,66,66,66,66,80,80,80,80,80,80,80,80,80,80,80,80,80,80,80,80,80,80,80,80,80,80,80,80,80,80,80,80,80,80,80,80,80,80,80,80,80,80,80,80,80,80,80,80,80],"card_choices":[{"not_picked":["Expertise","Tactician","Catalyst"],"picked":"SKIP","floor":1},{"not_picked":["Deadly Poison","Choke"],"picked":"Dagger Spray","floor":2},{"not_picked":["Dodge and Roll","Underhanded Strike"],"picked":"PiercingWail","floor":3},{"not_picked":["Crippling Poison","Outmaneuver"],"picked":"Dagger Spray","floor":5},{"not_picked":["Poisoned Stab","Deflect"],"picked":"Glass Knife","floor":6},{"not_picked":["Infinite Blades","Distraction","Calculated Gamble"],"picked":"SKIP","floor":10},{"not_picked":["Dagger Spray","Calculated Gamble","Acrobatics"],"picked":"SKIP","floor":11},{"not_picked":["Tactician","Flying Knee"],"picked":"Dagger Throw","floor":12},{"not_picked":["Dodge and Roll","Outmaneuver"],"picked":"Leg Sweep","floor":14},{"not_picked":["Grand Finale","Burst"],"picked":"Adrenaline","floor":16},{"not_picked":["Deflect","Flying Knee"],"picked":"Backflip+1","floor":18},{"not_picked":["Prepared","Outmaneuver"],"picked":"Deflect+1","floor":22},{"not_picked":["Infinite Blades","Concentrate"],"picked":"Distraction+1","floor":23},{"not_picked":["Bane","Sucker Punch","Prepared"],"picked":"Doppelganger","floor":25},{"not_picked":["Slice","Distraction+1","Skewer","Poisoned Stab"],"picked":"SKIP","floor":27},{"not_picked":["Riddle With Holes","Masterful Stab","Quick Slash+1"],"picked":"Caltrops+1","floor":30},{"not_picked":["Underhanded Strike","Predator","Dagger Spray","Sucker Punch+1"],"picked":"SKIP","floor":31},{"not_picked":["Tools of the Trade","Corpse Explosion","Grand Finale"],"picked":"Envenom","floor":33},{"not_picked":["Flechettes","Flying Knee","Calculated Gamble","Underhanded Strike"],"picked":"SKIP","floor":35},{"not_picked":["Enlightenment","Sadistic Nature","Mayhem"],"picked":"Flash of Steel","floor":38},{"not_picked":["Discovery","Deep Breath","Swift Strike"],"picked":"Finesse","floor":38},{"not_picked":["Dramatic Entrance","The Bomb","PanicButton"],"picked":"Finesse","floor":38},{"not_picked":["Flying Knee","Catalyst","Expertise","Outmaneuver+1"],"picked":"SKIP","floor":39},{"not_picked":["Skewer","Blur","Poisoned Stab+1"],"picked":"Adrenaline","floor":40},{"not_picked":["Concentrate+1","Poisoned Stab+1","Quick Slash"],"picked":"Malaise","floor":42},{"not_picked":["Eviscerate","PiercingWail","Cloak And Dagger"],"picked":"Dodge and Roll","floor":44},{"not_picked":["Slice","Skewer","All Out Attack+1"],"picked":"PiercingWail+1","floor":46},{"not_picked":["Backstab","Dodge and Roll","Poisoned Stab"],"picked":"Blur","floor":47},{"not_picked":["PiercingWail+1","Grand Finale","Cloak And Dagger"],"picked":"Backflip","floor":49},{"not_picked":["Endless Agony","Concentrate","Dagger Throw+1"],"picked":"Choke","floor":55}],"player_experience":1263199,"relics_obtained":[{"floor":6,"key":"Bronze Scales"},{"floor":12,"key":"Mango"},{"floor":14,"key":"Regal Pillow"},{"floor":23,"key":"Question Card"},{"floor":25,"key":"Pantograph"},{"floor":27,"key":"Ninja Scroll"},{"floor":30,"key":"Thread and Needle"},{"floor":40,"key":"Oddly Smooth Stone"},{"floor":42,"key":"PreservedInsect"},{"floor":44,"key":"Sundial"},{"floor":46,"key":"Dream Catcher"},{"floor":55,"key":"Kunai"}],"event_choices":[{"damage_healed":0,"gold_gain":0,"player_choice":"Ignored","damage_taken":0,"max_hp_gain":0,"max_hp_loss":0,"event_name":"Golden Wing","floor":4,"gold_loss":0},{"damage_healed":0,"gold_gain":0,"player_choice":"Ignored","damage_taken":0,"max_hp_gain":0,"max_hp_loss":0,"event_name":"Ghosts","floor":19,"gold_loss":0},{"damage_healed":0,"gold_gain":0,"player_choice":"Inject Mutagens","damage_taken":0,"relics_obtained":["MutagenicStrength"],"max_hp_gain":0,"max_hp_loss":0,"event_name":"Drug Dealer","floor":20,"gold_loss":0},{"damage_healed":0,"gold_gain":0,"player_choice":"Cursed","damage_taken":0,"max_hp_gain":0,"max_hp_loss":0,"event_name":"Wheel of Change","floor":28,"gold_loss":0,"cards_obtained":["Decay"]},{"cards_removed":["Strike_G"],"damage_healed":0,"gold_gain":0,"player_choice":"Removed Attack","damage_taken":0,"max_hp_gain":0,"max_hp_loss":0,"event_name":"Falling","floor":37,"gold_loss":0},{"damage_healed":0,"gold_gain":0,"player_choice":"Memory 3","damage_taken":10,"max_hp_gain":0,"max_hp_loss":0,"event_name":"SensoryStone","floor":38,"gold_loss":0},{"cards_removed":["Decay"],"damage_healed":0,"gold_gain":0,"player_choice":"Offered Curse","damage_taken":0,"relics_obtained":["Spirit Poop"],"max_hp_gain":0,"max_hp_loss":0,"event_name":"Bonfire Elementals","floor":48,"gold_loss":0}],"is_beta":false,"boss_relics":[{"not_picked":["Runic Dome","WristBlade"],"picked":"Cursed Key"},{"not_picked":["Philosopher\u0027s Stone","Sozu"],"picked":"Astrolabe"}],"items_purged_floors":[54],"is_endless":false,"potions_floor_spawned":[1,5,6,11,12,14,16,22,23,27,31,40,42,44,46,55],"killed_by":"The Heart","ascension_level":20}