{"gold_per_floor":[116,136,136,153,153,153,186,13,13,25,25,39,39,57,57,133,133,147,181,181,195,195],"floor_reached":22,"playtime":1395,"items_purged":[],"score":397,"play_id":"f2b4dde8-8b6e-4f6e-8cc3-8f32cc394006","local_time":"20190302142834","is_ascension_mode":true,"campfire_choices":[{"data":"Poisoned Stab","floor":6,"key":"SMITH"},{"data":"Footwork","floor":11,"key":"SMITH"},{"data":"1","floor":13,"key":"LIFT"},{"data":"2","floor":15,"key":"LIFT"}],"neow_cost":"NONE","seed_source_timestamp":1455844147049348,"circlet_count":0,"master_deck":["AscendersBane","Defend_G","Defend_G","Defend_G","Defend_G","Defend_G","Survivor","Neutralize","Poisoned Stab+1","Deadly Poison","Footwork+1","Leg Sweep","Backstab","After Image","Riddle With Holes","Envenom","PiercingWail+1","Blade Dance+1","Bite","Bite","Bite","Bite","Bite","Cloak And Dagger"],"relics":["Ring of the Snake","NeowsBlessing","Mango","Snake Skull","Girya","Snecko Eye","Red Mask"],"potions_floor_usage":[7,16,16,19,22],"damage_taken":[{"damage":0,"enemies":"Cultist","floor":1,"turns":1},{"damage":0,"enemies":"Jaw Worm","floor":2,"turns":1},{"damage":0,"enemies":"Small Slimes","floor":4,"turns":1},{"damage":46,"enemies":"Gremlin Nob","floor":7,"turns":5},{"damage":0,"enemies":"Looter","floor":10,"turns":3},{"damage":0,"enemies":"Large Slime","floor":12,"turns":6},{"damage":1,"enemies":"2 Fungi Beasts","floor":14,"turns":3},{"damage":24,"enemies":"Slime Boss","floor":16,"turns":9},{"damage":14,"enemies":"2 Thieves","floor":18,"turns":4},{"damage":37,"enemies":"Masked Bandits","floor":19,"turns":6},{"damage":17,"enemies":"Shell Parasite","floor":21,"turns":10},{"damage":16,"enemies":"Shelled Parasite and Fungi","floor":22,"turns":2}],"seed_played":"4044001715246757251","potions_obtained":[{"floor":4,"key":"Regen Potion"},{"floor":7,"key":"Poison Potion"},{"floor":14,"key":"Strength Potion"},{"floor":16,"key":"Dexterity Potion"},{"floor":21,"key":"PowerPotion"}],"is_trial":false,"path_per_floor":["M","M","?","M","T","R","E","$","T","M","R","M","R","M","R","B",null,"M","?","?","M","M"],"character_chosen":"THE_SILENT","items_purchased":["Footwork","Leg Sweep"],"campfire_rested":0,"item_purchase_floors":[8,8],"current_hp_per_floor":[59,59,59,59,73,73,41,41,41,41,41,41,41,40,40,16,64,50,13,13,6,0],"gold":195,"neow_bonus":"THREE_ENEMY_KILL","is_prod":false,"is_daily":false,"chose_seed":false,"campfire_upgraded":2,"win_rate":0,"timestamp":1551536914,"path_taken":["M","?","?","M","?","R","E","$","T","M","R","M","R","M","R","BOSS","M","?","?","M","M"],"build_version":"2019-01-23","purchased_purges":0,"victory":false,"max_hp_per_floor":[66,66,66,66,80,80,80,80,80,80,80,80,80,80,80,80,80,80,80,56,56,56],"card_choices":[{"not_picked":["Outmaneuver","Acrobatics","Dodge and Roll"],"picked":"SKIP","floor":1},{"not_picked":["Infinite Blades","Expertise"],"picked":"Poisoned Stab","floor":2},{"not_picked":["PiercingWail","Dagger Throw"],"picked":"Deadly Poison","floor":4},{"not_picked":["Dagger Throw","Endless Agony","Dodge and Roll"],"picked":"SKIP","floor":7},{"not_picked":["Quick Slash","Deflect"],"picked":"Backstab","floor":10},{"not_picked":["Underhanded Strike","Cloak And Dagger"],"picked":"After Image","floor":12},{"not_picked":["Dagger Throw","Backflip"],"picked":"Riddle With Holes","floor":14},{"not_picked":["Venomology","Corpse Explosion"],"picked":"Envenom","floor":16},{"not_picked":["Prepared","Blade Dance"],"picked":"PiercingWail+1","floor":18},{"not_picked":["Dagger Spray","Deadly Poison+1"],"picked":"Blade Dance+1","floor":19},{"not_picked":["Reflex","Backstab"],"picked":"Cloak And Dagger","floor":21}],"player_experience":1248433,"relics_obtained":[{"floor":5,"key":"Mango"},{"floor":7,"key":"Snake Skull"},{"floor":9,"key":"Girya"},{"floor":19,"key":"Red Mask"}],"event_choices":[{"damage_healed":0,"gold_gain":0,"player_choice":"Ignored","damage_taken":0,"max_hp_gain":0,"max_hp_loss":0,"event_name":"Liars Game","floor":3,"gold_loss":0},{"damage_healed":0,"gold_gain":0,"player_choice":"Fought Bandits","damage_taken":0,"max_hp_gain":0,"max_hp_loss":0,"event_name":"Masked Bandits","floor":19,"gold_loss":0},{"damage_healed":0,"gold_gain":0,"player_choice":"Became a vampire","damage_taken":0,"max_hp_gain":0,"max_hp_loss":24,"event_name":"Vampires","floor":20,"gold_loss":0,"cards_obtained":["Bite","Bite","Bite","Bite","Bite"]}],"is_beta":false,"boss_relics":[{"not_picked":["Sozu","Runic Pyramid"],"picked":"Snecko Eye"}],"items_purged_floors":[],"is_endless":false,"potions_floor_spawned":[4,7,14,16,21],"killed_by":"Shelled Parasite and Fungi","ascension_level":20}