{"gold_per_floor":[110,110,126,146,65,65,76,107,107,142,142,170,198,216,216,295,295,313,313,323,41,53,81,92,124,124,136,136,165,165,182,182,259,259,279,329,345,95,114,114,142,17,97,97,110,143,9,9,9,9,9,9,9,9,42,42],"floor_reached":56,"playtime":4603,"items_purged":["Strike_G","Strike_G","Strike_G"],"score":2070,"play_id":"f1707c6e-579b-4b37-bc8c-ec3e248faa21","local_time":"20190307081445","is_ascension_mode":true,"campfire_choices":[{"data":"Glass Knife","floor":6.0,"key":"SMITH"},{"data":"Crippling Poison","floor":11.0,"key":"SMITH"},{"data":"Malaise","floor":15.0,"key":"SMITH"},{"data":"Footwork","floor":28.0,"key":"SMITH"},{"data":"Survivor","floor":30.0,"key":"SMITH"},{"floor":32.0,"key":"REST"},{"floor":40.0,"key":"RECALL"},{"data":"A Thousand Cuts","floor":44.0,"key":"SMITH"},{"data":"Caltrops","floor":49.0,"key":"SMITH"},{"data":"After Image","floor":53.0,"key":"SMITH"}],"neow_cost":"NONE","seed_source_timestamp":0,"circlet_count":0,"master_deck":["AscendersBane","Defend_G","Defend_G","Defend_G","Defend_G","Defend_G","Strike_G","Strike_G+1","Survivor+1","Neutralize+1","Backstab","Dagger Spray","Glass Knife+1","Crippling Poison+1","Malaise+1","Deadly Poison+1","Cloak And Dagger+1","Dash","PiercingWail+1","Adrenaline+1","Bouncing Flask+1","Dodge and Roll+1","Cloak And Dagger+1","Escape Plan+1","After Image+1","Footwork+1","PiercingWail+1","A Thousand Cuts+1","PiercingWail+1","Caltrops+1","Dodge and Roll+1","Deflect+1","Deadly Poison+1","Distraction+1"],"special_seed":0,"relics":["Ring of the Snake","Meat on the Bone","Toxic Egg 2","Letter Opener","FossilizedHelix","Odd Mushroom","Runic Pyramid","PreservedInsect","Vajra","Mummified Hand","Ice Cream","Regal Pillow","Velvet Choker","Whetstone","Snake Skull","Gremlin Horn"],"potions_floor_usage":[],"damage_taken":[{"damage":0.0,"enemies":"Jaw Worm","floor":1.0,"turns":4.0},{"damage":0.0,"enemies":"2 Louse","floor":3.0,"turns":1.0},{"damage":0.0,"enemies":"Small Slimes","floor":4.0,"turns":2.0},{"damage":16.0,"enemies":"Exordium Thugs","floor":7.0,"turns":4.0},{"damage":11.0,"enemies":"3 Sentries","floor":8.0,"turns":8.0},{"damage":6.0,"enemies":"Gremlin Nob","floor":10.0,"turns":3.0},{"damage":9.0,"enemies":"3 Sentries","floor":12.0,"turns":9.0},{"damage":6.0,"enemies":"The Mushroom Lair","floor":13.0,"turns":2.0},{"damage":0.0,"enemies":"Looter","floor":14.0,"turns":3.0},{"damage":8.0,"enemies":"Hexaghost","floor":16.0,"turns":11.0},{"damage":0.0,"enemies":"3 Byrds","floor":18.0,"turns":3.0},{"damage":0.0,"enemies":"Spheric Guardian","floor":20.0,"turns":4.0},{"damage":3.0,"enemies":"Shelled Parasite and Fungi","floor":22.0,"turns":6.0},{"damage":10.0,"enemies":"Slavers","floor":23.0,"turns":3.0},{"damage":0.0,"enemies":"Cultist and Chosen","floor":24.0,"turns":4.0},{"damage":18.0,"enemies":"Gremlin Leader","floor":25.0,"turns":6.0},{"damage":0.0,"enemies":"Centurion and Healer","floor":27.0,"turns":5.0},{"damage":7.0,"enemies":"Slavers","floor":29.0,"turns":3.0},{"damage":0.0,"enemies":"3 Cultists","floor":31.0,"turns":4.0},{"damage":13.0,"enemies":"Champ","floor":33.0,"turns":20.0},{"damage":0.0,"enemies":"Orb Walker","floor":35.0,"turns":3.0},{"damage":0.0,"enemies":"3 Darklings","floor":37.0,"turns":5.0},{"damage":0.0,"enemies":"Writhing Mass","floor":39.0,"turns":7.0},{"damage":1.0,"enemies":"Reptomancer","floor":41.0,"turns":7.0},{"damage":0.0,"enemies":"Maw","floor":45.0,"turns":9.0},{"damage":0.0,"enemies":"Nemesis","floor":46.0,"turns":5.0},{"damage":0.0,"enemies":"Awakened One","floor":50.0,"turns":20.0},{"damage":25.0,"enemies":"Donu and Deca","floor":51.0,"turns":13.0},{"damage":30.0,"enemies":"Shield and Spear","floor":55.0,"turns":7.0},{"damage":56,"enemies":"The Heart","floor":56,"turns":3}],"seed_played":"5763335761477243821","potions_obtained":[{"floor":1.0,"key":"LiquidBronze"},{"floor":13.0,"key":"FearPotion"},{"floor":16.0,"key":"Energy Potion"},{"floor":20.0,"key":"Explosive Potion"},{"floor":24.0,"key":"SpeedPotion"},{"floor":55.0,"key":"Explosive Potion"}],"is_trial":false,"path_per_floor":["M","?","M","M","$","R","M","E","T","E","R","E","?","M","R","B",null,"M","?","M","$","M","E","M","E","T","M","R","E","R","M","R","B",null,"M","?","M","$","M","R","E","$","T","R","M","E","$","?","R","B","B",null,"R","$","E","B"],"character_chosen":"THE_SILENT","items_purchased":["Glass Knife","PreservedInsect","Dodge and Roll+1","Caltrops","Block Potion","FearPotion","GhostInAJar","Deadly Poison+1"],"campfire_rested":1,"item_purchase_floors":[5,21,21,38,38,38,47,47],"current_hp_per_floor":[59,64,64,64,64,64,48,37,37,43,43,46,40,40,40,44,64,64,64,64,64,61,51,51,45,45,45,45,38,38,38,71,58,68,68,68,68,68,68,68,67,67,67,67,67,67,67,67,67,67,42,64,64,64,46,0],"gold":42,"neow_bonus":"UPGRADE_CARD","is_prod":false,"is_daily":false,"chose_seed":false,"campfire_upgraded":8,"win_rate":0,"timestamp":1551946485,"path_taken":["M","?","M","M","$","R","M","E","T","E","R","E","?","M","R","BOSS","M","?","M","$","M","E","M","E","T","M","R","E","R","?","R","BOSS","M","?","M","$","M","R","E","?","T","R","M","E","$","?","R","BOSS","BOSS","R","$","E","BOSS"],"build_version":"2019-01-23","purchased_purges":3,"victory":false,"max_hp_per_floor":[66,71,71,71,71,71,71,71,71,71,71,71,71,71,71,71,71,71,71,71,71,71,71,71,71,71,71,71,71,71,71,71,71,71,71,71,71,71,71,71,71,71,71,71,71,71,71,71,71,71,71,71,71,71,71,71],"card_choices":[{"not_picked":["Caltrops","Terror"],"picked":"Backstab","floor":1.0},{"not_picked":["Dagger Throw","Deadly Poison"],"picked":"Dagger Spray","floor":3.0},{"not_picked":["Prepared","Flying Knee"],"picked":"Predator","floor":4.0},{"not_picked":["Flying Knee","Choke"],"picked":"Crippling Poison","floor":7.0},{"not_picked":["Deflect","Setup"],"picked":"Malaise","floor":8.0},{"not_picked":["Terror+1","Slice"],"picked":"Deadly Poison+1","floor":10.0},{"not_picked":["Finisher","Predator"],"picked":"Cloak And Dagger+1","floor":12.0},{"not_picked":["Heel Hook","Poisoned Stab"],"picked":"Dash","floor":13.0},{"not_picked":["Bane","Slice"],"picked":"PiercingWail+1","floor":14.0},{"not_picked":["Doppelganger+1","A Thousand Cuts"],"picked":"Adrenaline+1","floor":16.0},{"not_picked":["Acrobatics+1","Bane","Calculated Gamble+1"],"picked":"SKIP","floor":18.0},{"not_picked":["Bane+1","Choke"],"picked":"Bouncing Flask+1","floor":20.0},{"not_picked":["Outmaneuver+1","Bane+1"],"picked":"Cloak And Dagger+1","floor":22.0},{"not_picked":["Prepared+1","Setup+1"],"picked":"Escape Plan+1","floor":23.0},{"not_picked":["Acrobatics+1","Outmaneuver+1","Dagger Spray"],"picked":"SKIP","floor":24.0},{"not_picked":["Heel Hook+1","Skewer"],"picked":"After Image","floor":25.0},{"not_picked":["Accuracy","Slice"],"picked":"Footwork","floor":27.0},{"not_picked":["Blade Dance+1","Infinite Blades","Sucker Punch"],"picked":"SKIP","floor":29.0},{"not_picked":["Poisoned Stab","Dagger Throw"],"picked":"PiercingWail+1","floor":31.0},{"not_picked":["After Image","Unload"],"picked":"A Thousand Cuts","floor":33.0},{"not_picked":["Setup+1","Infinite Blades","Eviscerate+1"],"picked":"SKIP","floor":35.0},{"not_picked":["Outmaneuver+1","Distraction+1"],"picked":"PiercingWail+1","floor":37.0},{"not_picked":["Expertise+1","Masterful Stab"],"picked":"Dodge and Roll+1","floor":39.0},{"not_picked":["Cloak And Dagger+1","Sucker Punch","Tactician+1"],"picked":"SKIP","floor":41.0},{"not_picked":["Outmaneuver+1","Dodge and Roll+1"],"picked":"Deflect+1","floor":45.0},{"not_picked":["Expertise+1","Escape Plan+1","Underhanded Strike"],"picked":"SKIP","floor":46.0},{"not_picked":["Sucker Punch+1","All Out Attack"],"picked":"Distraction+1","floor":55.0}],"player_experience":1291348,"relics_obtained":[{"floor":8.0,"key":"Meat on the Bone"},{"floor":9.0,"key":"Toxic Egg 2"},{"floor":10.0,"key":"Letter Opener"},{"floor":12.0,"key":"FossilizedHelix"},{"floor":13.0,"key":"Odd Mushroom"},{"floor":23.0,"key":"Vajra"},{"floor":25.0,"key":"Mummified Hand"},{"floor":26.0,"key":"Ice Cream"},{"floor":29.0,"key":"Regal Pillow"},{"floor":41.0,"key":"Whetstone"},{"floor":46.0,"key":"Snake Skull"},{"floor":55.0,"key":"Gremlin Horn"}],"event_choices":[{"damage_healed":0.0,"max_hp_gain":5.0,"max_hp_loss":0.0,"gold_gain":0.0,"event_name":"Big Fish","player_choice":"Donut","floor":2.0,"gold_loss":0.0,"damage_taken":0.0},{"damage_healed":0.0,"max_hp_gain":0.0,"max_hp_loss":0.0,"gold_gain":0.0,"event_name":"Mushrooms","player_choice":"Fought Mushrooms","floor":13.0,"gold_loss":0.0,"damage_taken":0.0},{"damage_healed":0.0,"max_hp_gain":0.0,"max_hp_loss":0.0,"gold_gain":0.0,"event_name":"Lab","player_choice":"Got Potions","floor":19.0,"gold_loss":0.0,"damage_taken":0.0},{"damage_healed":0.0,"max_hp_gain":0.0,"max_hp_loss":0.0,"gold_gain":50.0,"event_name":"Golden Shrine","player_choice":"Pray","floor":36.0,"gold_loss":0.0,"damage_taken":0.0},{"cards_removed":["Predator"],"damage_healed":0.0,"max_hp_gain":0.0,"max_hp_loss":0.0,"gold_gain":0.0,"event_name":"Falling","player_choice":"Removed Attack","floor":48.0,"gold_loss":0.0,"damage_taken":0.0}],"is_beta":false,"boss_relics":[{"not_picked":["White Beast Statue","Sozu"],"picked":"Runic Pyramid"},{"not_picked":["Ring of the Serpent","Pandora\u0027s Box"],"picked":"Velvet Choker"}],"items_purged_floors":[21,38,42],"is_endless":false,"potions_floor_spawned":[1,13,16,18,20,24,27,39,41,45,55],"killed_by":"The Heart","ascension_level":20}