{"gold_per_floor":[115,39,54,72,72,72,84,84,131,131,131,164,10,25,25,102,102,119,134,134,153,165,165,165],"floor_reached":24,"playtime":1580,"items_purged":["Strike_G"],"score":396,"play_id":"3b412ded-a84b-410b-9181-4e43e718a130","local_time":"20190226211447","is_ascension_mode":true,"campfire_choices":[{"data":"After Image","floor":6,"key":"SMITH"},{"data":"Dagger Throw","floor":8,"key":"SMITH"},{"data":"Skewer","floor":15,"key":"SMITH"},{"data":"Caltrops","floor":23,"key":"SMITH"}],"neow_cost":"NONE","seed_source_timestamp":1134429912952445,"circlet_count":0,"master_deck":["AscendersBane","Defend_G","Defend_G","Defend_G","Defend_G","Defend_G","Strike_G","Strike_G","Strike_G","Strike_G","Survivor","Neutralize+1","Flying Knee","After Image+1","Slice","Dagger Throw+1","After Image","Noxious Fumes+1","Skewer+1","Die Die Die","Infinite Blades+1","Caltrops+1"],"relics":["Ring of the Snake","Blood Vial","Snake Skull","Orichalcum","Runic Dome"],"potions_floor_usage":[12,12,16,19,22,24],"damage_taken":[{"damage":10,"enemies":"Cultist","floor":1,"turns":5},{"damage":1,"enemies":"Jaw Worm","floor":3,"turns":5},{"damage":0,"enemies":"2 Louse","floor":4,"turns":3},{"damage":4,"enemies":"Exordium Thugs","floor":7,"turns":5},{"damage":24,"enemies":"Gremlin Nob","floor":12,"turns":5},{"damage":0,"enemies":"Lots of Slimes","floor":14,"turns":5},{"damage":7,"enemies":"Hexaghost","floor":16,"turns":11},{"damage":8,"enemies":"Spheric Guardian","floor":18,"turns":4},{"damage":0,"enemies":"3 Byrds","floor":19,"turns":4},{"damage":8,"enemies":"Centurion and Healer","floor":21,"turns":6},{"damage":0,"enemies":"3 Cultists","floor":22,"turns":3},{"damage":59,"enemies":"Gremlin Leader","floor":24,"turns":7}],"seed_played":"-8749061844291638954","potions_obtained":[{"floor":4,"key":"Swift Potion"},{"floor":10,"key":"EntropicBrew"},{"floor":14,"key":"Fire Potion"},{"floor":16,"key":"LiquidBronze"},{"floor":21,"key":"Explosive Potion"}],"is_trial":false,"path_per_floor":["M","$","M","M","T","R","M","R","T","?","$","E","$","M","R","B",null,"M","M","?","M","M","R","E"],"character_chosen":"THE_SILENT","items_purchased":["After Image","Noxious Fumes"],"campfire_rested":0,"item_purchase_floors":[2,13],"current_hp_per_floor":[49,49,48,48,48,48,46,46,46,46,46,24,24,26,26,21,55,49,51,51,45,47,47,0],"gold":165,"neow_bonus":"UPGRADE_CARD","is_prod":false,"is_daily":false,"chose_seed":false,"campfire_upgraded":4,"win_rate":0,"timestamp":1551215687,"path_taken":["M","?","?","?","?","R","?","R","T","?","$","E","$","M","R","BOSS","M","?","?","?","M","R","E"],"build_version":"2019-01-23","purchased_purges":1,"victory":false,"max_hp_per_floor":[66,66,66,66,66,66,66,66,66,66,66,66,66,66,66,66,66,66,66,66,66,66,66,66],"card_choices":[{"not_picked":["Deflect","Acrobatics"],"picked":"Flying Knee","floor":1},{"not_picked":["Backflip","Outmaneuver"],"picked":"Slice","floor":3},{"not_picked":["Acrobatics","Predator"],"picked":"Dagger Throw","floor":4},{"not_picked":["All Out Attack","Backflip"],"picked":"After Image","floor":7},{"not_picked":["Flying Knee","Dodge and Roll","Bane"],"picked":"SKIP","floor":12},{"not_picked":["Terror","Underhanded Strike"],"picked":"Skewer","floor":14},{"not_picked":["Bullet Time","After Image"],"picked":"Die Die Die","floor":16},{"not_picked":["Bane+1","Cloak And Dagger"],"picked":"Infinite Blades+1","floor":18},{"not_picked":["Distraction","Accuracy","Quick Slash+1"],"picked":"SKIP","floor":19},{"not_picked":["Underhanded Strike","Poisoned Stab"],"picked":"Caltrops","floor":21},{"not_picked":["Finisher","Dagger Spray","Dagger Throw+1"],"picked":"SKIP","floor":22}],"player_experience":1212911,"relics_obtained":[{"floor":5,"key":"Blood Vial"},{"floor":9,"key":"Snake Skull"},{"floor":12,"key":"Orichalcum"}],"event_choices":[{"damage_healed":0,"gold_gain":0,"player_choice":"Got Potions","damage_taken":0,"max_hp_gain":0,"max_hp_loss":0,"event_name":"Lab","floor":10,"gold_loss":0},{"damage_healed":0,"gold_gain":0,"player_choice":"Forge","damage_taken":0,"max_hp_gain":0,"max_hp_loss":0,"event_name":"Accursed Blacksmith","floor":20,"gold_loss":0,"cards_upgraded":["Noxious Fumes"]}],"is_beta":false,"boss_relics":[{"not_picked":["Snecko Eye","Lizard Tail"],"picked":"Runic Dome"}],"items_purged_floors":[13],"is_endless":false,"potions_floor_spawned":[4,14,16,18,21],"killed_by":"Gremlin Leader","ascension_level":20}