{"gold_per_floor":[110,185,185,198,198,198,241,266,266,329,329,35,35,35,35,130,130,154,79,98,18,42,42,76,76,101,120,141,141,181,27,27,27],"floor_reached":33,"playtime":1436,"items_purged":["Strike_G","Strike_G"],"score":632,"play_id":"9c0d4c33-bd31-4bbc-b306-b9c2963af454","local_time":"20190225235518","is_ascension_mode":true,"campfire_choices":[{"data":"Footwork","floor":6,"key":"SMITH"},{"data":"Poisoned Stab","floor":11,"key":"SMITH"},{"data":"Noxious Fumes","floor":15,"key":"SMITH"},{"floor":23,"key":"REST"},{"floor":25,"key":"REST"},{"floor":29,"key":"REST"},{"floor":32,"key":"REST"}],"neow_cost":"NONE","seed_source_timestamp":1057806092797979,"circlet_count":0,"master_deck":["AscendersBane","Defend_G","Defend_G","Defend_G","Defend_G","Defend_G","Strike_G","Strike_G","Strike_G","Survivor","Neutralize+1","Footwork+1","Catalyst","Poisoned Stab+1","Deadly Poison","Backflip","Noxious Fumes+1","Wraith Form v2","Skewer+1","Footwork","Dodge and Roll","Dodge and Roll+1","PiercingWail","PiercingWail"],"relics":["Ring of the Snake","NeowsBlessing","Golden Idol","Shuriken","Blue Candle","Tiny Chest","TwistedFunnel","Runic Pyramid","Bag of Preparation","Oddly Smooth Stone","PreservedInsect"],"potions_floor_usage":[10,16,24,24,33],"damage_taken":[{"damage":0,"enemies":"2 Louse","floor":1,"turns":1},{"damage":0,"enemies":"Small Slimes","floor":4,"turns":1},{"damage":0,"enemies":"Lagavulin","floor":7,"turns":1},{"damage":11,"enemies":"Cultist","floor":8,"turns":4},{"damage":6,"enemies":"Gremlin Nob","floor":10,"turns":3},{"damage":2,"enemies":"The Guardian","floor":16,"turns":8},{"damage":3,"enemies":"Spheric Guardian","floor":18,"turns":4},{"damage":17,"enemies":"2 Thieves","floor":20,"turns":5},{"damage":33,"enemies":"3 Cultists","floor":22,"turns":7},{"damage":12,"enemies":"Book of Stabbing","floor":24,"turns":7},{"damage":5,"enemies":"Chosen and Byrds","floor":27,"turns":7},{"damage":0,"enemies":"Centurion and Healer","floor":28,"turns":8},{"damage":38,"enemies":"Gremlin Leader","floor":30,"turns":9},{"damage":28,"enemies":"Collector","floor":33,"turns":5}],"seed_played":"-8839438431959568297","potions_obtained":[{"floor":4,"key":"Poison Potion"},{"floor":7,"key":"EssenceOfSteel"},{"floor":8,"key":"Regen Potion"},{"floor":16,"key":"Block Potion"},{"floor":20,"key":"Block Potion"}],"is_trial":false,"path_per_floor":["M","?","?","M","?","R","E","M","T","E","R","$","?","$","R","B",null,"M","$","M","$","M","R","E","R","T","M","M","R","E","$","R","B"],"character_chosen":"THE_SILENT","items_purchased":["TwistedFunnel","Noxious Fumes","Footwork","Weak Potion"],"campfire_rested":4,"item_purchase_floors":[12,12,21,31],"current_hp_per_floor":[59,48,48,48,48,48,48,37,37,31,31,31,31,31,31,44,56,53,53,36,36,3,21,9,27,27,22,22,40,2,2,20,0],"gold":27,"neow_bonus":"THREE_ENEMY_KILL","is_prod":false,"is_daily":false,"chose_seed":false,"campfire_upgraded":3,"win_rate":0,"timestamp":1551138918,"path_taken":["M","?","?","M","?","R","E","M","T","E","R","$","?","?","R","BOSS","M","$","M","?","M","R","E","R","T","M","M","R","E","$","R","BOSS"],"build_version":"2019-01-23","purchased_purges":2,"victory":false,"max_hp_per_floor":[66,66,60,60,60,60,60,60,60,60,60,60,60,60,60,60,60,60,60,60,60,60,60,60,60,60,60,60,60,60,60,60,60],"card_choices":[{"not_picked":["Blade Dance","Deadly Poison"],"picked":"Footwork","floor":1},{"not_picked":["Deadly Poison","Dodge and Roll"],"picked":"Catalyst","floor":4},{"not_picked":["Masterful Stab","Slice"],"picked":"Poisoned Stab","floor":7},{"not_picked":["Bouncing Flask","Blur"],"picked":"Deadly Poison","floor":8},{"not_picked":["Tactician","Concentrate"],"picked":"Backflip","floor":10},{"not_picked":["Unload","Adrenaline"],"picked":"Wraith Form v2","floor":16},{"not_picked":["Flying Knee+1","Escape Plan"],"picked":"Skewer+1","floor":18},{"not_picked":["Dagger Throw","Expertise","Poisoned Stab"],"picked":"SKIP","floor":20},{"not_picked":["Backflip","Outmaneuver"],"picked":"Dodge and Roll","floor":22},{"not_picked":["Quick Slash+1","Blade Dance"],"picked":"Dodge and Roll+1","floor":24},{"not_picked":["Dagger Spray","Dagger Throw"],"picked":"PiercingWail","floor":27},{"not_picked":["Flying Knee","Poisoned Stab","Acrobatics"],"picked":"SKIP","floor":28},{"not_picked":["Terror+1","Adrenaline"],"picked":"PiercingWail","floor":30}],"player_experience":1211475,"relics_obtained":[{"floor":7,"key":"Shuriken"},{"floor":9,"key":"Blue Candle"},{"floor":10,"key":"Tiny Chest"},{"floor":24,"key":"Bag of Preparation"},{"floor":26,"key":"Oddly Smooth Stone"},{"floor":30,"key":"PreservedInsect"}],"event_choices":[{"damage_healed":0,"gold_gain":75,"player_choice":"Gather Gold","damage_taken":11,"max_hp_gain":0,"max_hp_loss":0,"event_name":"World of Goop","floor":2,"gold_loss":0},{"damage_healed":0,"gold_gain":0,"player_choice":"Lose Max HP","damage_taken":0,"relics_obtained":["Golden Idol"],"max_hp_gain":0,"max_hp_loss":6,"event_name":"Golden Idol","floor":3,"gold_loss":0},{"damage_healed":0,"gold_gain":0,"player_choice":"Grow","damage_taken":0,"max_hp_gain":0,"max_hp_loss":0,"event_name":"Living Wall","floor":5,"gold_loss":0,"cards_upgraded":["Neutralize"]},{"damage_healed":0,"gold_gain":0,"player_choice":"Fled","damage_taken":0,"max_hp_gain":0,"max_hp_loss":0,"event_name":"Scrap Ooze","floor":13,"gold_loss":0}],"is_beta":false,"boss_relics":[{"not_picked":["Ring of the Serpent","WristBlade"],"picked":"Runic Pyramid"}],"items_purged_floors":[19,31],"is_endless":false,"potions_floor_spawned":[4,7,8,16,20,22],"killed_by":"Collector","ascension_level":20}