{"gold_per_floor":[116,136,1,1,64,97,111,111,111,131,159,159,209,229,229,306,306,316,80,90,140,151,151,107,107,189,189,207,257,257,292,292,366,366,378,428,448,498,398,428,428,445,472,507,507,22,37,49,49,49,49],"floor_reached":51,"playtime":3553,"items_purged":["Tools of the Trade","Calculated Gamble"],"score":1520,"play_id":"91b9ce93-5e6b-4a1f-b833-8136c605d847","local_time":"20190228203854","is_ascension_mode":true,"campfire_choices":[{"data":"Dagger Spray","floor":8.0,"key":"SMITH"},{"floor":12.0,"key":"REST"},{"data":"Neutralize","floor":15.0,"key":"SMITH"},{"floor":23.0,"key":"REST"},{"data":"A Thousand Cuts","floor":25.0,"key":"SMITH"},{"data":"Cloak And Dagger","floor":27.0,"key":"SMITH"},{"data":"Footwork","floor":30.0,"key":"SMITH"},{"floor":32.0,"key":"REST"},{"floor":41,"key":"REST"},{"floor":45,"key":"REST"},{"floor":49,"key":"RECALL"}],"neow_cost":"NONE","seed_source_timestamp":0,"circlet_count":0,"master_deck":["AscendersBane","Survivor","Neutralize+1","Dagger Spray+1","Footwork+1","Backflip","Cloak And Dagger+1","A Thousand Cuts+1","Dodge and Roll","After Image","Deflect","Bullet Time","Acrobatics","Choke","Prepared","Tools of the Trade","Infinite Blades","Calculated Gamble","Finisher+1","Leg Sweep","Footwork","Infinite Blades","Caltrops","Night Terror","Blur","Finesse","PiercingWail","Dodge and Roll"],"special_seed":0,"relics":["Ring of the Snake","SsserpentHead","Mango","StoneCalendar","Paper Crane","Pandora\u0027s Box","Omamori","Meat on the Bone","Mummified Hand","Cursed Key","Boot","Dodecahedron","Calipers","Vajra"],"potions_floor_usage":[40,51,51],"damage_taken":[{"damage":3.0,"enemies":"Cultist","floor":1.0,"turns":4.0},{"damage":3.0,"enemies":"Jaw Worm","floor":2.0,"turns":5.0},{"damage":0.0,"enemies":"Small Slimes","floor":5.0,"turns":3.0},{"damage":25.0,"enemies":"3 Sentries","floor":6.0,"turns":8.0},{"damage":8.0,"enemies":"3 Louse","floor":7.0,"turns":4.0},{"damage":0.0,"enemies":"2 Fungi Beasts","floor":10.0,"turns":3.0},{"damage":52.0,"enemies":"Gremlin Nob","floor":11.0,"turns":6.0},{"damage":0.0,"enemies":"Blue Slaver","floor":14.0,"turns":6.0},{"damage":31.0,"enemies":"The Guardian","floor":16.0,"turns":11.0},{"damage":16.0,"enemies":"Chosen","floor":18.0,"turns":6.0},{"damage":17.0,"enemies":"Spheric Guardian","floor":20.0,"turns":7.0},{"damage":15.0,"enemies":"Centurion and Healer","floor":22.0,"turns":7.0},{"damage":22.0,"enemies":"Sentry and Sphere","floor":28.0,"turns":7.0},{"damage":30.0,"enemies":"Slavers","floor":31.0,"turns":7.0},{"damage":0.0,"enemies":"Collector","floor":33.0,"turns":8.0},{"damage":11,"enemies":"3 Shapes","floor":35,"turns":6},{"damage":0,"enemies":"Orb Walker","floor":37,"turns":3},{"damage":60,"enemies":"Reptomancer","floor":40,"turns":7},{"damage":0,"enemies":"4 Shapes","floor":42,"turns":3},{"damage":22,"enemies":"Giant Head","floor":44,"turns":8},{"damage":0,"enemies":"Transient","floor":47,"turns":6},{"damage":6,"enemies":"3 Darklings","floor":48,"turns":5},{"damage":42,"enemies":"Donu and Deca","floor":50,"turns":12},{"damage":47,"enemies":"Awakened One","floor":51,"turns":2}],"seed_played":"-7439657823731499479","potions_obtained":[{"floor":7.0,"key":"Fruit Juice"},{"floor":10.0,"key":"FairyPotion"},{"floor":11.0,"key":"Poison Potion"},{"floor":14.0,"key":"Strength Potion"},{"floor":16.0,"key":"Weak Potion"},{"floor":20.0,"key":"SteroidPotion"},{"floor":22.0,"key":"Fruit Juice"},{"floor":33.0,"key":"LiquidBronze"},{"floor":37,"key":"Fruit Juice"},{"floor":48,"key":"LiquidBronze"}],"is_trial":false,"path_per_floor":["M","M","$","?","M","E","M","R","T","M","E","R","?","M","R","B",null,"M","$","M","?","M","R","$","R","T","R","M","?","R","E","R","B",null,"M","?","M","?","$","E","R","M","T","E","R","$","M","M","R","B","B"],"character_chosen":"THE_SILENT","items_purchased":["Footwork","Strength Potion","Omamori","Footwork","Calipers","Vajra"],"campfire_rested":5,"item_purchase_floors":[3,3,19,24,46,46],"current_hp_per_floor":[62,59,59,59,59,48,40,40,40,40,9,36,66,66,66,35,77,61,61,44,44,29,56,56,56,56,56,46,46,46,33,61,61,87,76,76,76,76,76,33,63,63,63,53,83,83,83,77,77,47,0],"gold":49,"neow_bonus":"TEN_PERCENT_HP_BONUS","is_prod":false,"is_daily":false,"chose_seed":false,"campfire_upgraded":5,"win_rate":0,"timestamp":1551386334,"path_taken":["M","?","$","?","?","E","M","R","T","M","E","R","?","M","R","BOSS","M","$","M","?","M","R","$","R","T","R","M","?","R","E","R","BOSS","M","?","M","?","$","E","R","M","T","E","R","$","M","M","R","BOSS","BOSS"],"build_version":"2019-01-23","purchased_purges":2,"victory":false,"max_hp_per_floor":[72,72,72,72,72,86,86,86,86,86,91,91,91,91,91,91,91,91,91,91,91,91,91,91,91,91,91,91,91,91,96,96,96,96,96,96,96,96,96,101,101,101,101,101,101,101,101,101,101,101,101],"card_choices":[{"not_picked":["Slice","Bane","Blade Dance"],"picked":"SKIP","floor":1.0},{"not_picked":["Blade Dance","PiercingWail"],"picked":"Dagger Spray","floor":2.0},{"not_picked":["Outmaneuver","Blade Dance","Sucker Punch"],"picked":"SKIP","floor":5.0},{"not_picked":["Acrobatics","Eviscerate","Wraith Form v2"],"picked":"SKIP","floor":6.0},{"not_picked":["Tactician","Deflect"],"picked":"Backflip","floor":7.0},{"not_picked":["Slice","Backflip"],"picked":"Cloak And Dagger","floor":10.0},{"not_picked":["Dagger Throw","Backflip"],"picked":"A Thousand Cuts","floor":11.0},{"not_picked":["Cloak And Dagger","Quick Slash"],"picked":"Dodge and Roll","floor":14.0},{"not_picked":["Unload","Malaise"],"picked":"After Image","floor":16.0},{"not_picked":["Underhanded Strike","Deflect","Quick Slash"],"picked":"SKIP","floor":18.0},{"not_picked":["Riddle With Holes","Accuracy"],"picked":"Finisher+1","floor":20.0},{"not_picked":["Poisoned Stab","Deflect"],"picked":"Leg Sweep","floor":22.0},{"not_picked":["Outmaneuver","Noxious Fumes"],"picked":"Infinite Blades","floor":28.0},{"not_picked":["Sucker Punch+1","Blade Dance+1"],"picked":"Caltrops","floor":31.0},{"not_picked":["Die Die Die","Phantasmal Killer"],"picked":"Night Terror","floor":33.0},{"not_picked":["Footwork","Accuracy"],"picked":"Blur","floor":35},{"not_picked":["Impatience","Blind"],"picked":"Finesse","floor":36},{"not_picked":["Blade Dance","Backflip+1"],"picked":"PiercingWail","floor":37},{"not_picked":["Doppelganger","Slice+1","Quick Slash"],"picked":"SKIP","floor":40},{"not_picked":["Dagger Spray","Riddle With Holes+1","Sucker Punch"],"picked":"SKIP","floor":42},{"not_picked":["Dagger Throw+1","Leg Sweep","Grand Finale"],"picked":"SKIP","floor":44},{"not_picked":["Reflex","Distraction"],"picked":"Dodge and Roll","floor":47},{"not_picked":["Noxious Fumes","Poisoned Stab","Infinite Blades+1"],"picked":"SKIP","floor":48}],"player_experience":1224478,"relics_obtained":[{"floor":6.0,"key":"Mango"},{"floor":9.0,"key":"StoneCalendar"},{"floor":11.0,"key":"Paper Crane"},{"floor":26.0,"key":"Meat on the Bone"},{"floor":31.0,"key":"Mummified Hand"},{"floor":40,"key":"Boot"},{"floor":44,"key":"Dodecahedron"}],"event_choices":[{"damage_healed":0.0,"max_hp_gain":0.0,"max_hp_loss":0.0,"gold_gain":0.0,"event_name":"FaceTrader","player_choice":"Trade","floor":4.0,"gold_loss":0.0,"damage_taken":0.0,"relics_obtained":["SsserpentHead"]},{"damage_healed":30.0,"max_hp_gain":0.0,"max_hp_loss":0.0,"gold_gain":0.0,"event_name":"Big Fish","player_choice":"Banana","floor":13.0,"gold_loss":0.0,"damage_taken":0.0},{"damage_healed":0.0,"max_hp_gain":0.0,"max_hp_loss":0.0,"gold_gain":0.0,"event_name":"Ghosts","player_choice":"Ignored","floor":21.0,"gold_loss":0.0,"damage_taken":0.0},{"damage_healed":0.0,"max_hp_gain":0.0,"max_hp_loss":0.0,"gold_gain":0.0,"event_name":"Vampires","player_choice":"Ignored","floor":29.0,"gold_loss":0.0,"damage_taken":0.0},{"damage_healed":0,"gold_gain":0,"player_choice":"Memory 1","damage_taken":0,"max_hp_gain":0,"max_hp_loss":0,"event_name":"SensoryStone","floor":36,"gold_loss":0},{"damage_healed":0,"gold_gain":0,"player_choice":"Ignored","damage_taken":0,"max_hp_gain":0,"max_hp_loss":0,"event_name":"Tomb of Lord Red Mask","floor":38,"gold_loss":0}],"is_beta":false,"boss_relics":[{"not_picked":["Lizard Tail","Philosopher\u0027s Stone"],"picked":"Pandora\u0027s Box"},{"not_picked":["Black Star","Tiny House"],"picked":"Cursed Key"}],"items_purged_floors":[19,39],"is_endless":false,"potions_floor_spawned":[7,10,11,14,16,20,22,33,37,48],"killed_by":"Awakened One","ascension_level":20}