{"gold_per_floor":[113,113,127,145,61,101,101,145,170,209,232,247,247,280,280,374,374,392,412,412,256,270,270,303,203,228,228,262,281,297,133,133,226,226,251,251,275,14,38,78,91,91,116,116,154,154,154,195,195,195,195],"floor_reached":51,"playtime":4262,"items_purged":["Strike_G","Strike_G","Strike_G"],"score":1530,"play_id":"6b2f8911-b102-471e-9410-830b363bbbf2","local_time":"20190304222038","is_ascension_mode":true,"campfire_choices":[{"floor":7.0,"key":"REST"},{"floor":15.0,"key":"REST"},{"floor":23,"key":"REST"},{"floor":27,"key":"REST"},{"data":"Footwork","floor":32,"key":"SMITH"},{"floor":44,"key":"REST"},{"floor":47,"key":"REST"},{"floor":49,"key":"RECALL"}],"neow_cost":"NONE","seed_source_timestamp":0,"circlet_count":0,"master_deck":["AscendersBane","Defend_G","Defend_G","Defend_G","Defend_G","Defend_G","Strike_G","Survivor","Neutralize","Leg Sweep","Poisoned Stab","Poisoned Stab","Backstab","Dagger Spray","Footwork+1","Dagger Spray+1","Backstab+1","Crippling Poison","Adrenaline","PiercingWail","Dodge and Roll","Dash+1","Flechettes+1","Skewer+1","Wraith Form v2","Poisoned Stab+1","Catalyst","After Image","Deflect","Caltrops+1","Apotheosis+1","Slice+1","Noxious Fumes+1","Flash of Steel+1","Deflect","PiercingWail","Backflip"],"special_seed":0,"relics":["Ring of the Snake","Bag of Marbles","Golden Idol","Omamori","Boot","Vajra","Molten Egg 2","PreservedInsect","Runic Pyramid","Happy Flower","Bag of Preparation","Dream Catcher","Calling Bell","Oddly Smooth Stone","The Specimen","Singing Bowl","Spirit Poop","Nunchaku","Mango","The Courier"],"potions_floor_usage":[22,24,33,33,51,51],"damage_taken":[{"damage":2.0,"enemies":"2 Louse","floor":1.0,"turns":4.0},{"damage":0.0,"enemies":"Cultist","floor":3.0,"turns":4.0},{"damage":0.0,"enemies":"Small Slimes","floor":4.0,"turns":3.0},{"damage":19.0,"enemies":"3 Sentries","floor":6.0,"turns":10.0},{"damage":17.0,"enemies":"Gremlin Nob","floor":8.0,"turns":4.0},{"damage":17.0,"enemies":"3 Sentries","floor":10.0,"turns":6.0},{"damage":0.0,"enemies":"3 Louse","floor":11.0,"turns":1.0},{"damage":0.0,"enemies":"Blue Slaver","floor":12.0,"turns":1.0},{"damage":2.0,"enemies":"Lagavulin","floor":14.0,"turns":5.0},{"damage":17.0,"enemies":"Slime Boss","floor":16.0,"turns":8.0},{"damage":15,"enemies":"Shell Parasite","floor":18,"turns":6},{"damage":4,"enemies":"Spheric Guardian","floor":19,"turns":5},{"damage":4,"enemies":"Snecko","floor":22,"turns":7},{"damage":1,"enemies":"Gremlin Leader","floor":24,"turns":6},{"damage":7,"enemies":"Slavers","floor":28,"turns":4},{"damage":0,"enemies":"Shelled Parasite and Fungi","floor":29,"turns":2},{"damage":2,"enemies":"Sentry and Sphere","floor":30,"turns":7},{"damage":42,"enemies":"Champ","floor":33,"turns":15},{"damage":0,"enemies":"3 Shapes","floor":35,"turns":7},{"damage":2,"enemies":"3 Darklings","floor":37,"turns":5},{"damage":19,"enemies":"Writhing Mass","floor":39,"turns":6},{"damage":6,"enemies":"Nemesis","floor":40,"turns":5},{"damage":10,"enemies":"Jaw Worm Horde","floor":41,"turns":4},{"damage":3,"enemies":"Giant Head","floor":45,"turns":8},{"damage":19,"enemies":"Nemesis","floor":48,"turns":6},{"damage":37,"enemies":"Donu and Deca","floor":50,"turns":12},{"damage":14,"enemies":"Time Eater","floor":51,"turns":2}],"seed_played":"-7581998164581765906","potions_obtained":[{"floor":1.0,"key":"Ancient Potion"},{"floor":4.0,"key":"SpeedPotion"},{"floor":8.0,"key":"AttackPotion"},{"floor":16.0,"key":"GamblersBrew"},{"floor":18,"key":"EntropicBrew"},{"floor":19,"key":"PowerPotion"},{"floor":30,"key":"EssenceOfSteel"},{"floor":33,"key":"LiquidBronze"},{"floor":39,"key":"SmokeBomb"},{"floor":40,"key":"Ancient Potion"}],"is_trial":false,"path_per_floor":["M","?","M","M","$","E","R","E","T","E","M","M","?","E","R","B",null,"M","M","?","$","M","R","E","$","T","R","E","M","M","$","R","B",null,"M","?","M","$","M","E","M","?","T","R","E","?","R","E","R","B","B"],"character_chosen":"THE_SILENT","items_purchased":["Backstab","Dash+1","Catalyst","Apotheosis","Slice+1"],"campfire_rested":6,"item_purchase_floors":[5,21,31,38,38],"current_hp_per_floor":[57,57,57,57,57,38,56,39,39,22,22,22,22,20,38,21,50,35,31,25,25,21,39,38,38,38,56,49,49,47,47,47,5,46,46,46,44,44,25,21,13,13,13,32,43,43,66,49,49,12,0],"gold":195,"neow_bonus":"RANDOM_COMMON_RELIC","is_prod":false,"is_daily":false,"chose_seed":false,"campfire_upgraded":1,"win_rate":0,"timestamp":1551738038,"path_taken":["M","?","M","M","$","E","R","E","T","E","M","M","?","E","R","BOSS","M","M","?","?","M","R","E","$","T","R","E","M","M","$","R","BOSS","M","?","M","$","?","E","M","?","T","R","E","?","R","E","R","BOSS","BOSS"],"build_version":"2019-01-23","purchased_purges":3,"victory":false,"max_hp_per_floor":[66,60,60,60,60,60,60,60,60,60,60,60,60,60,60,60,60,60,60,60,60,60,60,60,60,60,60,60,60,60,60,60,60,60,60,60,60,60,60,62,64,64,64,64,78,78,78,80,80,80,80],"card_choices":[{"not_picked":["Backflip","Footwork"],"picked":"Leg Sweep","floor":1.0},{"not_picked":["Catalyst","PiercingWail"],"picked":"Poisoned Stab","floor":3.0},{"not_picked":["Blade Dance","Reflex"],"picked":"Poisoned Stab","floor":4.0},{"not_picked":["Underhanded Strike","Quick Slash","Backflip"],"picked":"SKIP","floor":6.0},{"not_picked":["Bouncing Flask","Infinite Blades"],"picked":"Dagger Spray","floor":8.0},{"not_picked":["Distraction","Bane"],"picked":"Footwork","floor":10.0},{"not_picked":["Bullet Time","Concentrate"],"picked":"Dagger Spray+1","floor":11.0},{"not_picked":["PiercingWail","Cloak And Dagger"],"picked":"Backstab+1","floor":12.0},{"not_picked":["Bane+1","Slice+1"],"picked":"Crippling Poison","floor":14.0},{"not_picked":["Bullet Time","Malaise"],"picked":"Adrenaline","floor":16.0},{"not_picked":["Outmaneuver","Bouncing Flask"],"picked":"PiercingWail","floor":18},{"not_picked":["Quick Slash+1","Underhanded Strike+1"],"picked":"Dodge and Roll","floor":19},{"not_picked":["Cloak And Dagger","Dagger Spray+1"],"picked":"Flechettes+1","floor":22},{"not_picked":["Caltrops","Slice+1"],"picked":"Skewer+1","floor":24},{"not_picked":["Dagger Throw+1","Blur","Dash+1"],"picked":"SKIP","floor":28},{"not_picked":["Bane+1","Well Laid Plans"],"picked":"Wraith Form v2","floor":29},{"not_picked":["Outmaneuver+1","Sucker Punch+1"],"picked":"Poisoned Stab+1","floor":30},{"not_picked":["Phantasmal Killer","Venomology"],"picked":"After Image","floor":33},{"not_picked":["Acrobatics","Dagger Spray+1"],"picked":"Deflect","floor":35},{"not_picked":["Underhanded Strike+1","Poisoned Stab+1"],"picked":"Caltrops+1","floor":37},{"not_picked":["Sucker Punch+1","Caltrops"],"picked":"Noxious Fumes+1","floor":39},{"not_picked":["Blade Dance","Cloak And Dagger","Tools of the Trade"],"picked":"Singing Bowl","floor":40},{"not_picked":["Crippling Poison","Blur","All Out Attack+1"],"picked":"Singing Bowl","floor":41},{"not_picked":["Enlightenment","Apotheosis"],"picked":"Flash of Steel+1","floor":42},{"not_picked":["Skewer+1","Dash+1"],"picked":"Deflect","floor":44},{"not_picked":["Outmaneuver","Dagger Throw+1"],"picked":"PiercingWail","floor":45},{"not_picked":["Doppelganger","Flechettes+1"],"picked":"Backflip","floor":47},{"not_picked":["Infinite Blades","Crippling Poison","Finisher+1"],"picked":"Singing Bowl","floor":48}],"player_experience":1280749,"relics_obtained":[{"floor":6.0,"key":"Omamori"},{"floor":8.0,"key":"Boot"},{"floor":9.0,"key":"Vajra"},{"floor":10.0,"key":"Molten Egg 2"},{"floor":14.0,"key":"PreservedInsect"},{"floor":24,"key":"Happy Flower"},{"floor":26,"key":"Bag of Preparation"},{"floor":28,"key":"Dream Catcher"},{"floor":34,"key":"Oddly Smooth Stone"},{"floor":34,"key":"The Specimen"},{"floor":34,"key":"Singing Bowl"},{"floor":40,"key":"Nunchaku"},{"floor":45,"key":"Mango"},{"floor":48,"key":"The Courier"}],"event_choices":[{"damage_healed":0.0,"max_hp_gain":0.0,"max_hp_loss":6.0,"gold_gain":0.0,"event_name":"Golden Idol","player_choice":"Lose Max HP","floor":2.0,"gold_loss":0.0,"damage_taken":0.0,"relics_obtained":["Golden Idol"]},{"cards_removed":["Strike_G"],"damage_healed":0.0,"max_hp_gain":0.0,"max_hp_loss":0.0,"gold_gain":0.0,"event_name":"Purifier","player_choice":"Purged","floor":13.0,"gold_loss":0.0,"damage_taken":0.0},{"damage_healed":0,"gold_gain":0,"player_choice":"","damage_taken":6,"max_hp_gain":0,"max_hp_loss":0,"event_name":"Knowing Skull","floor":20,"potions_obtained":[],"gold_loss":0,"cards_obtained":[]},{"cards_removed":["Decay"],"damage_healed":0,"gold_gain":0,"player_choice":"Offered Curse","damage_taken":0,"relics_obtained":["Spirit Poop"],"max_hp_gain":0,"max_hp_loss":0,"event_name":"Bonfire Elementals","floor":36,"gold_loss":0},{"damage_healed":0,"gold_gain":0,"player_choice":"Memory 1","damage_taken":0,"max_hp_gain":0,"max_hp_loss":0,"event_name":"SensoryStone","floor":42,"gold_loss":0},{"damage_healed":0,"gold_gain":0,"player_choice":"Upgraded","damage_taken":0,"max_hp_gain":0,"max_hp_loss":0,"event_name":"Upgrade Shrine","floor":46,"gold_loss":0,"cards_upgraded":["Apotheosis"]}],"is_beta":false,"boss_relics":[{"not_picked":["Busted Crown","Runic Dome"],"picked":"Runic Pyramid"},{"not_picked":["Black Star","Eternal Feather"],"picked":"Calling Bell"}],"items_purged_floors":[21,25,31],"is_endless":false,"potions_floor_spawned":[1,4,6,8,16,18,19,30,33,39,40],"killed_by":"Time Eater","ascension_level":20}