{"gold_per_floor":[111,261,272,291,122,153,153,153,153,173,23,58,58,92,92,92],"floor_reached":16,"playtime":779,"items_purged":["Doubt","Strike_G"],"score":236,"play_id":"5ad10596-0a74-47ab-aea9-f785e1645c57","local_time":"20190228001905","is_ascension_mode":true,"campfire_choices":[{"floor":7,"key":"REST"},{"data":"Dagger Spray","floor":13,"key":"SMITH"},{"floor":15,"key":"REST"}],"neow_cost":"NONE","seed_source_timestamp":1232691257980688,"circlet_count":0,"master_deck":["AscendersBane","Defend_G","Defend_G","Defend_G","Defend_G","Defend_G","Strike_G","Strike_G","Strike_G","Survivor","Neutralize","Cloak And Dagger","Dagger Spray+1","Deadly Poison","Leg Sweep","Poisoned Stab","Dagger Spray"],"relics":["Ring of the Snake","Vajra","Sundial","Pear","The Specimen","Bag of Preparation"],"potions_floor_usage":[12,14,16],"damage_taken":[{"damage":1,"enemies":"Small Slimes","floor":1,"turns":4},{"damage":2,"enemies":"Jaw Worm","floor":3,"turns":6},{"damage":6,"enemies":"Cultist","floor":4,"turns":4},{"damage":28,"enemies":"Lagavulin","floor":6,"turns":7},{"damage":1,"enemies":"Red Slaver","floor":10,"turns":3},{"damage":11,"enemies":"Gremlin Nob","floor":12,"turns":3},{"damage":23,"enemies":"Lagavulin","floor":14,"turns":6},{"damage":38,"enemies":"Slime Boss","floor":16,"turns":7}],"seed_played":"2835745495801839918","potions_obtained":[{"floor":1,"key":"Fire Potion"},{"floor":6,"key":"AttackPotion"},{"floor":14,"key":"GhostInAJar"}],"is_trial":false,"path_per_floor":["M","?","M","M","$","E","R","?","T","M","$","E","R","E","R","B"],"character_chosen":"THE_SILENT","items_purchased":["Leg Sweep","Poisoned Stab","Dagger Spray"],"campfire_rested":2,"item_purchase_floors":[5,5,11],"current_hp_per_floor":[58,58,56,50,50,22,41,34,44,43,43,32,32,9,31,0],"gold":92,"neow_bonus":"RANDOM_COMMON_RELIC","is_prod":false,"is_daily":false,"chose_seed":false,"campfire_upgraded":1,"win_rate":0,"timestamp":1551313145,"path_taken":["M","?","M","M","$","E","R","?","T","?","$","E","R","E","R","BOSS"],"build_version":"2019-01-23","purchased_purges":2,"victory":false,"max_hp_per_floor":[66,66,66,66,66,66,66,66,76,76,76,76,76,76,76,76],"card_choices":[{"not_picked":["Leg Sweep","Sucker Punch"],"picked":"Cloak And Dagger","floor":1},{"not_picked":["Reflex","Heel Hook"],"picked":"Dagger Spray","floor":3},{"not_picked":["Eviscerate","Dodge and Roll"],"picked":"Deadly Poison","floor":4},{"not_picked":["Phantasmal Killer","Bouncing Flask","Masterful Stab"],"picked":"SKIP","floor":6},{"not_picked":["Phantasmal Killer","Bouncing Flask","Masterful Stab"],"picked":"SKIP","floor":6},{"not_picked":["Terror","Quick Slash","Blade Dance"],"picked":"SKIP","floor":10},{"not_picked":["Terror","Distraction","Sucker Punch"],"picked":"SKIP","floor":12},{"not_picked":["Acrobatics","Prepared","Dodge and Roll"],"picked":"SKIP","floor":14}],"player_experience":1223370,"relics_obtained":[{"floor":6,"key":"Sundial"},{"floor":9,"key":"Pear"},{"floor":12,"key":"The Specimen"},{"floor":14,"key":"Bag of Preparation"}],"event_choices":[{"damage_healed":0,"gold_gain":150,"player_choice":"AGREE","damage_taken":0,"max_hp_gain":0,"max_hp_loss":0,"event_name":"Liars Game","floor":2,"gold_loss":0,"cards_obtained":["Doubt"]},{"cards_removed":["Strike_G"],"damage_healed":0,"gold_gain":0,"player_choice":"Card Removal","damage_taken":7,"max_hp_gain":0,"max_hp_loss":0,"event_name":"Golden Wing","floor":8,"gold_loss":0}],"is_beta":false,"boss_relics":[],"items_purged_floors":[5,11],"is_endless":false,"potions_floor_spawned":[1,6,14],"killed_by":"Slime Boss","ascension_level":20}