{"gold_per_floor":[218,218,237,254,10,43,43,71,94,94],"floor_reached":10,"playtime":708,"items_purged":[],"score":152,"play_id":"ac0ccd7e-18c0-406b-8c94-b85d6934c4d6","local_time":"20190303121227","is_ascension_mode":true,"campfire_choices":[{"floor":7,"key":"REST"}],"neow_cost":"NONE","seed_source_timestamp":1534587316600141,"circlet_count":0,"master_deck":["AscendersBane","Defend_G","Defend_G+1","Defend_G","Defend_G","Defend_G","Strike_G","Strike_G","Strike_G+1","Strike_G","Strike_G","Survivor","Neutralize","Quick Slash","Poisoned Stab","Corpse Explosion","Deadly Poison","After Image"],"special_seed":0,"relics":["Ring of the Snake","Boot","Art of War","PreservedInsect"],"potions_floor_usage":[6,8,8],"damage_taken":[{"damage":2,"enemies":"Small Slimes","floor":1,"turns":5},{"damage":11,"enemies":"Jaw Worm","floor":3,"turns":7},{"damage":0,"enemies":"2 Louse","floor":4,"turns":2},{"damage":22,"enemies":"Lagavulin","floor":6,"turns":5},{"damage":9,"enemies":"3 Sentries","floor":8,"turns":4},{"damage":18,"enemies":"Lagavulin","floor":10,"turns":5}],"seed_played":"-3219121633530443170","potions_obtained":[{"floor":4,"key":"Dexterity Potion"},{"floor":6,"key":"FearPotion"}],"is_trial":false,"path_per_floor":["M","?","M","M","$","E","R","E","T","E"],"character_chosen":"THE_SILENT","items_purchased":["Poisoned Stab","Corpse Explosion","Deadly Poison","PowerPotion"],"campfire_rested":1,"item_purchase_floors":[5,5,5,5],"current_hp_per_floor":[57,37,26,26,26,4,23,14,14,0],"gold":94,"neow_bonus":"HUNDRED_GOLD","is_prod":false,"is_daily":false,"chose_seed":false,"campfire_upgraded":0,"win_rate":0,"timestamp":1551615147,"path_taken":["M","?","M","M","$","E","R","E","T","E"],"build_version":"2019-01-23","purchased_purges":0,"victory":false,"max_hp_per_floor":[66,66,66,66,66,66,66,66,66,66],"card_choices":[{"not_picked":["Outmaneuver","Distraction","Backflip"],"picked":"SKIP","floor":1},{"not_picked":["Cloak And Dagger","Slice","Blade Dance"],"picked":"SKIP","floor":3},{"not_picked":["Blade Dance","Cloak And Dagger"],"picked":"Quick Slash","floor":4},{"not_picked":["Flying Knee","Deflect"],"picked":"After Image","floor":6},{"not_picked":["Terror","Cloak And Dagger","All Out Attack"],"picked":"SKIP","floor":8}],"player_experience":1261022,"relics_obtained":[{"floor":6,"key":"Boot"},{"floor":8,"key":"Art of War"},{"floor":9,"key":"PreservedInsect"}],"event_choices":[{"damage_healed":0,"gold_gain":0,"player_choice":"Entered Light","damage_taken":20,"max_hp_gain":0,"max_hp_loss":0,"event_name":"Shining Light","floor":2,"gold_loss":0,"cards_upgraded":["Strike_G","Defend_G"]}],"is_beta":false,"boss_relics":[],"items_purged_floors":[],"is_endless":false,"potions_floor_spawned":[4,6],"killed_by":"Lagavulin","ascension_level":20}