{"gold_per_floor":[112,112,127,144,161,161,172,172,172,192,208,173,187,214,214,291,291,305,323,323,248,268,268,278,278,278,203,238,252,252,268,268,347,347,364,364,375,375,394,422,436,467,492,512,526,83,100,125,125,125],"floor_reached":50,"playtime":3310,"items_purged":["Strike_G","Sucker Punch"],"score":1174,"play_id":"9d8aa169-f51d-450f-aa94-53d4c1708106","local_time":"20190226233715","is_ascension_mode":true,"campfire_choices":[{"data":"Neutralize","floor":6.0,"key":"SMITH"},{"data":"Deadly Poison","floor":8.0,"key":"SMITH"},{"data":"Crippling Poison","floor":15.0,"key":"SMITH"},{"data":"Catalyst","floor":23.0,"key":"SMITH"},{"floor":25.0,"key":"REST"},{"data":"Wraith Form v2","floor":30.0,"key":"SMITH"},{"floor":32.0,"key":"REST"},{"floor":49,"key":"RECALL"}],"neow_cost":"NONE","seed_source_timestamp":1141161630085302,"circlet_count":0,"master_deck":["AscendersBane","Defend_G","Defend_G","Defend_G","Defend_G","Survivor","Neutralize+1","Deadly Poison+1","PiercingWail","Crippling Poison+1","Dagger Spray","Catalyst+1","Burst","Leg Sweep+1","Burst+1","Leg Sweep+1","Caltrops","Catalyst","Wraith Form v2+1","Noxious Fumes","Catalyst","Adrenaline","Dodge and Roll+1","Wraith Form v2+1","Deadly Poison","Escape Plan+1","Noxious Fumes+1","Corpse Explosion","Escape Plan"],"special_seed":0,"relics":["Ring of the Snake","Omamori","Happy Flower","Astrolabe","Letter Opener","Pear","Cursed Key","Shuriken","Potion Belt","Art of War"],"potions_floor_usage":[47,50,50,50,50,50,50,50,50],"damage_taken":[{"damage":2.0,"enemies":"2 Louse","floor":1.0,"turns":3.0},{"damage":0.0,"enemies":"Cultist","floor":3.0,"turns":3.0},{"damage":6.0,"enemies":"Jaw Worm","floor":4.0,"turns":4.0},{"damage":9.0,"enemies":"Exordium Wildlife","floor":5.0,"turns":6.0},{"damage":7.0,"enemies":"Lots of Slimes","floor":7.0,"turns":4.0},{"damage":3.0,"enemies":"3 Louse","floor":10.0,"turns":4.0},{"damage":0.0,"enemies":"Looter","floor":11.0,"turns":3.0},{"damage":6.0,"enemies":"Exordium Thugs","floor":13.0,"turns":5.0},{"damage":15.0,"enemies":"Lagavulin","floor":14.0,"turns":6.0},{"damage":25.0,"enemies":"The Guardian","floor":16.0,"turns":9.0},{"damage":3.0,"enemies":"Chosen","floor":18.0,"turns":4.0},{"damage":13.0,"enemies":"3 Byrds","floor":19.0,"turns":9.0},{"damage":4.0,"enemies":"Snecko","floor":22.0,"turns":6.0},{"damage":27.0,"enemies":"Cultist and Chosen","floor":24.0,"turns":8.0},{"damage":1.0,"enemies":"Book of Stabbing","floor":28.0,"turns":3.0},{"damage":1.0,"enemies":"Chosen and Byrds","floor":29.0,"turns":7.0},{"damage":0.0,"enemies":"Snake Plant","floor":31.0,"turns":3.0},{"damage":30.0,"enemies":"Collector","floor":33.0,"turns":7.0},{"damage":1.0,"enemies":"Orb Walker","floor":35.0,"turns":3.0},{"damage":1.0,"enemies":"3 Shapes","floor":37.0,"turns":6.0},{"damage":11.0,"enemies":"Writhing Mass","floor":39.0,"turns":6.0},{"damage":15.0,"enemies":"Nemesis","floor":40.0,"turns":5.0},{"damage":8.0,"enemies":"3 Darklings","floor":41.0,"turns":6.0},{"damage":1.0,"enemies":"Giant Head","floor":42.0,"turns":5.0},{"damage":0.0,"enemies":"4 Shapes","floor":44.0,"turns":4.0},{"damage":0,"enemies":"Transient","floor":45,"turns":3},{"damage":10,"enemies":"Jaw Worm Horde","floor":47,"turns":4},{"damage":1,"enemies":"Nemesis","floor":48,"turns":3},{"damage":42,"enemies":"Awakened One","floor":50,"turns":8}],"seed_played":"2349297836693518575","potions_obtained":[{"floor":5.0,"key":"LiquidBronze"},{"floor":7.0,"key":"Fire Potion"},{"floor":11.0,"key":"GhostInAJar"},{"floor":24.0,"key":"Swift Potion"},{"floor":31.0,"key":"Dexterity Potion"},{"floor":33.0,"key":"Swift Potion"},{"floor":35.0,"key":"SteroidPotion"},{"floor":37.0,"key":"Poison Potion"},{"floor":42.0,"key":"Swift Potion"},{"floor":47,"key":"Weak Potion"}],"is_trial":false,"path_per_floor":["M","?","M","M","M","R","M","R","T","M","M","?","M","E","R","B",null,"M","M","?","$","M","R","M","R","T","?","E","M","R","M","R","B",null,"M","?","M","$","M","E","M","E","T","M","M","$","M","E","R","B"],"character_chosen":"THE_SILENT","items_purchased":["Regen Potion","EntropicBrew","Corpse Explosion"],"campfire_rested":2,"item_purchase_floors":[46,46,46],"current_hp_per_floor":[63,63,63,57,48,48,41,41,41,38,38,56,50,35,35,10,57,54,41,41,41,37,37,10,31,31,31,40,39,39,39,63,33,70,69,69,68,68,57,42,34,33,33,33,33,33,37,36,36,0],"gold":125,"neow_bonus":"TEN_PERCENT_HP_BONUS","is_prod":false,"is_daily":false,"chose_seed":false,"campfire_upgraded":5,"win_rate":0,"timestamp":1551224235,"path_taken":["M","?","?","M","M","R","M","R","T","M","M","?","M","E","R","BOSS","M","M","?","$","?","R","?","R","T","?","E","M","R","M","R","BOSS","M","?","M","?","M","E","M","E","T","M","M","$","?","E","R","BOSS"],"build_version":"2019-01-23","purchased_purges":2,"victory":false,"max_hp_per_floor":[72,72,72,72,72,72,72,72,72,72,72,72,72,72,72,72,72,72,72,72,72,72,72,72,72,72,72,82,82,82,82,82,82,82,82,82,82,82,82,82,82,82,82,82,82,82,82,82,82,82],"card_choices":[{"not_picked":["Flying Knee","Outmaneuver"],"picked":"Deadly Poison","floor":1.0},{"not_picked":["Catalyst","Backflip"],"picked":"Sucker Punch","floor":3.0},{"not_picked":["Sucker Punch","Night Terror"],"picked":"PiercingWail","floor":4.0},{"not_picked":["Predator","Expertise"],"picked":"Crippling Poison","floor":5.0},{"not_picked":["Bane","Riddle With Holes","Outmaneuver"],"picked":"SKIP","floor":7.0},{"not_picked":["Bane","Prepared","Flying Knee"],"picked":"SKIP","floor":10.0},{"not_picked":["Acrobatics","Finisher","Choke"],"picked":"SKIP","floor":11.0},{"not_picked":["Bouncing Flask","Slice"],"picked":"Dagger Spray","floor":13.0},{"not_picked":["Accuracy","Eviscerate"],"picked":"Catalyst","floor":14.0},{"not_picked":["Tools of the Trade","Grand Finale"],"picked":"Burst","floor":16.0},{"not_picked":["Bane","Dagger Spray","Caltrops"],"picked":"SKIP","floor":18.0},{"not_picked":["Flechettes","Quick Slash","Endless Agony"],"picked":"SKIP","floor":19.0},{"not_picked":["Dodge and Roll+1","PiercingWail+1"],"picked":"Catalyst","floor":22.0},{"not_picked":["Heel Hook","Reflex","Cloak And Dagger"],"picked":"SKIP","floor":24.0},{"not_picked":["Blur+1","Glass Knife"],"picked":"Wraith Form v2","floor":28.0},{"not_picked":["Backstab","Quick Slash"],"picked":"Noxious Fumes","floor":29.0},{"not_picked":["Underhanded Strike","Quick Slash"],"picked":"Catalyst","floor":31.0},{"not_picked":["Bullet Time","Doppelganger"],"picked":"Adrenaline","floor":33.0},{"not_picked":["Concentrate+1","Accuracy"],"picked":"Dodge and Roll+1","floor":35.0},{"not_picked":["Noxious Fumes","Terror","Dodge and Roll"],"picked":"SKIP","floor":37.0},{"not_picked":["Backflip","Riddle With Holes","Dagger Throw"],"picked":"SKIP","floor":39.0},{"not_picked":["Distraction","Concentrate"],"picked":"Deadly Poison","floor":40.0},{"not_picked":["Blur","Dagger Spray"],"picked":"Escape Plan+1","floor":41.0},{"not_picked":["After Image","Bouncing Flask","Underhanded Strike+1"],"picked":"SKIP","floor":42.0},{"not_picked":["Dagger Spray+1","Heel Hook","Underhanded Strike"],"picked":"SKIP","floor":44.0},{"not_picked":["Dash","Deadly Poison"],"picked":"Noxious Fumes+1","floor":45},{"not_picked":["Bane+1","Quick Slash+1"],"picked":"Escape Plan","floor":47},{"not_picked":["Blur","Prepared","Flying Knee"],"picked":"SKIP","floor":48}],"player_experience":1216364,"relics_obtained":[{"floor":9.0,"key":"Omamori"},{"floor":14.0,"key":"Happy Flower"},{"floor":26.0,"key":"Letter Opener"},{"floor":28.0,"key":"Pear"},{"floor":40.0,"key":"Shuriken"},{"floor":42.0,"key":"Potion Belt"},{"floor":48,"key":"Art of War"}],"event_choices":[{"damage_healed":0.0,"max_hp_gain":0.0,"max_hp_loss":0.0,"gold_gain":0.0,"cards_transformed":["Strike_G"],"event_name":"Transmorgrifier","player_choice":"Transformed","floor":2.0,"gold_loss":0.0,"damage_taken":0.0,"cards_obtained":["Heel Hook"]},{"damage_healed":18.0,"max_hp_gain":0.0,"max_hp_loss":0.0,"gold_gain":0.0,"event_name":"The Cleric","player_choice":"Healed","floor":12.0,"gold_loss":35.0,"damage_taken":0.0},{"damage_healed":0.0,"max_hp_gain":0.0,"max_hp_loss":0.0,"gold_gain":0.0,"cards_transformed":["Strike_G"],"event_name":"Transmorgrifier","player_choice":"Transformed","floor":20.0,"gold_loss":0.0,"damage_taken":0.0,"cards_obtained":["Caltrops"]},{"cards_removed":["Heel Hook"],"damage_healed":0.0,"max_hp_gain":0.0,"max_hp_loss":0.0,"gold_gain":0.0,"event_name":"Beggar","player_choice":"Gave Gold","floor":27.0,"gold_loss":75.0,"damage_taken":0.0},{"damage_healed":0.0,"max_hp_gain":0.0,"max_hp_loss":0.0,"gold_gain":0.0,"event_name":"Duplicator","player_choice":"Copied","floor":36.0,"gold_loss":0.0,"damage_taken":0.0,"cards_obtained":["Wraith Form v2"]}],"is_beta":false,"boss_relics":[{"not_picked":["White Beast Statue","Runic Pyramid"],"picked":"Astrolabe"},{"not_picked":["WristBlade","Fusion Hammer"],"picked":"Cursed Key"}],"items_purged_floors":[21,46],"is_endless":false,"potions_floor_spawned":[5,7,11,13,14,24,31,33,35,37,42,47],"killed_by":"Awakened One","ascension_level":20}