{"gold_per_floor":[113,129,147,69,82,82,109,126,200,200,231,231],"floor_reached":12,"playtime":533,"items_purged":[],"score":180,"play_id":"7661c54b-2d66-4c3d-9fb3-80ff23b8e3f7","local_time":"20190308002858","is_ascension_mode":true,"campfire_choices":[{"data":"Dagger Spray","floor":6,"key":"SMITH"},{"floor":10,"key":"REST"}],"neow_cost":"PERCENT_DAMAGE","seed_source_timestamp":1924715354624857,"circlet_count":0,"master_deck":["AscendersBane","Defend_G","Defend_G","Defend_G","Defend_G","Defend_G","Strike_G","Strike_G","Strike_G+1","Survivor","Neutralize","Sucker Punch+1","Dagger Spray+1","Poisoned Stab","Dodge and Roll","Leg Sweep","Backflip"],"special_seed":0,"relics":["Ring of the Snake","Whetstone","The Specimen"],"potions_floor_usage":[11,12],"damage_taken":[{"damage":3.0,"enemies":"Cultist","floor":1.0,"turns":5.0},{"damage":2,"enemies":"2 Louse","floor":2,"turns":5},{"damage":4,"enemies":"Jaw Worm","floor":3,"turns":6},{"damage":0,"enemies":"Blue Slaver","floor":5,"turns":4},{"damage":20,"enemies":"3 Sentries","floor":7,"turns":11},{"damage":0,"enemies":"Lots of Slimes","floor":8,"turns":1},{"damage":31,"enemies":"Gremlin Nob","floor":11,"turns":6},{"damage":3,"enemies":"Large Slime","floor":12,"turns":1}],"seed_played":"8958065742306293788","potions_obtained":[{"floor":1.0,"key":"Energy Potion"},{"floor":2,"key":"Block Potion"}],"is_trial":false,"path_per_floor":["M","M","M","$","M","R","E","M","T","R","E","M"],"character_chosen":"THE_SILENT","items_purchased":["Dagger Spray","Poisoned Stab"],"campfire_rested":1,"item_purchase_floors":[4,4],"current_hp_per_floor":[41,39,35,35,35,35,15,15,15,34,3,0],"gold":231,"neow_bonus":"REMOVE_TWO","is_prod":false,"is_daily":false,"chose_seed":false,"campfire_upgraded":1,"win_rate":0,"timestamp":1552004938,"path_taken":["M","M","M","$","M","R","E","M","T","R","E","M"],"build_version":"2019-01-23","purchased_purges":0,"victory":false,"max_hp_per_floor":[66,66,66,66,66,66,66,66,66,66,66,66],"card_choices":[{"not_picked":["Heel Hook","Bane","Dodge and Roll"],"picked":"SKIP","floor":1.0},{"not_picked":["Blur","Bane"],"picked":"Sucker Punch","floor":2},{"not_picked":["Blade Dance","Slice","Setup"],"picked":"SKIP","floor":3},{"not_picked":["Blade Dance","Quick Slash"],"picked":"Dodge and Roll","floor":5},{"not_picked":["Phantasmal Killer","Finisher"],"picked":"Leg Sweep","floor":7},{"not_picked":["Dodge and Roll","Dagger Throw"],"picked":"Backflip","floor":8},{"not_picked":["Acrobatics","Slice","Masterful Stab"],"picked":"SKIP","floor":11}],"player_experience":1297966,"relics_obtained":[{"floor":7,"key":"Whetstone"},{"floor":11,"key":"The Specimen"}],"event_choices":[],"is_beta":false,"boss_relics":[],"items_purged_floors":[],"is_endless":false,"potions_floor_spawned":[1,2],"killed_by":"Large Slime","ascension_level":20}