{"gold_per_floor":[117,0,0,0,14,14,42,42,65,65,124,165,177,221,233,322,334,334,334,334,334,47,47,47,47,47,47],"floor_reached":27,"playtime":1704,"items_purged":[],"score":544,"play_id":"f1566fce-aff5-4594-996d-0828ffd93882","local_time":"20190515194343","is_ascension_mode":true,"campfire_choices":[{"data":"All Out Attack","floor":6.0,"key":"SMITH"},{"data":"Noxious Fumes","floor":8.0,"key":"SMITH"},{"floor":10.0,"key":"REST"},{"floor":15.0,"key":"REST"},{"floor":24,"key":"REST"}],"neow_cost":"NONE","seed_source_timestamp":0,"circlet_count":0,"master_deck":["AscendersBane","Defend_G","Defend_G","Defend_G","Defend_G","Defend_G","Strike_G","Strike_G","Strike_G","Strike_G","Strike_G","Survivor","Neutralize","Dagger Throw","Noxious Fumes+1","All Out Attack+1","Poisoned Stab","Poisoned Stab","Dagger Spray","Corpse Explosion","Dagger Spray+1"],"special_seed":0,"relics":["Runic Pyramid","Question Card","Bag of Preparation","MawBank","Mercury Hourglass","Dodecahedron","Ectoplasm","Kunai","Art of War","Matryoshka"],"potions_floor_usage":[],"damage_taken":[{"damage":3.0,"enemies":"Cultist","floor":1.0,"turns":5.0},{"damage":1.0,"enemies":"Small Slimes","floor":5.0,"turns":3.0},{"damage":15.0,"enemies":"3 Sentries","floor":7.0,"turns":7.0},{"damage":21.0,"enemies":"Gremlin Nob","floor":11.0,"turns":4.0},{"damage":20.0,"enemies":"Lagavulin","floor":12.0,"turns":6.0},{"damage":7.0,"enemies":"3 Sentries","floor":14.0,"turns":4.0},{"damage":15.0,"enemies":"Slime Boss","floor":16.0,"turns":6.0},{"damage":8.0,"enemies":"Spheric Guardian","floor":18.0,"turns":4.0},{"damage":24.0,"enemies":"Shell Parasite","floor":20.0,"turns":5.0},{"damage":11.0,"enemies":"Centurion and Healer","floor":21.0,"turns":5.0},{"damage":0.0,"enemies":"Gremlin Leader","floor":23.0,"turns":7.0},{"damage":35,"enemies":"Cultist and Chosen","floor":25,"turns":7},{"damage":3,"enemies":"Snake Plant","floor":27,"turns":1}],"seed_played":"6603120927407614267","potions_obtained":[{"floor":5.0,"key":"Poison Potion"},{"floor":14.0,"key":"SkillPotion"},{"floor":16.0,"key":"Dexterity Potion"},{"floor":19.0,"key":"SteroidPotion"},{"floor":21.0,"key":"Weak Potion"}],"is_trial":false,"path_per_floor":["M","$","?","?","M","R","E","R","T","R","?","E","?","E","R","B",null,"M","?","M","M","$","E","R","M","T","M"],"character_chosen":"THE_SILENT","items_purchased":["Noxious Fumes","All Out Attack","Kunai"],"campfire_rested":3,"item_purchase_floors":[2,2,22],"current_hp_per_floor":[56,56,61,61,60,60,45,45,45,66,45,25,25,18,39,24,59,51,51,27,16,16,16,37,2,2,0],"gold":47,"neow_bonus":"BOSS_RELIC","is_prod":false,"is_daily":false,"chose_seed":false,"campfire_upgraded":2,"win_rate":0,"timestamp":1557945823,"path_taken":["M","$","?","?","M","R","E","R","T","R","?","E","?","E","R","BOSS","M","?","?","?","$","E","R","M","T","M"],"build_version":"2019-01-23","purchased_purges":0,"victory":false,"max_hp_per_floor":[66,66,71,71,71,71,71,71,71,71,71,71,71,71,71,71,71,71,71,71,71,71,71,71,71,71,71],"card_choices":[{"not_picked":["Expertise","Infinite Blades"],"picked":"Dagger Throw","floor":1.0},{"not_picked":["Deflect","Escape Plan"],"picked":"Poisoned Stab","floor":5.0},{"not_picked":["Masterful Stab","Blade Dance","Flechettes"],"picked":"SKIP","floor":7.0},{"not_picked":["Acrobatics","Flying Knee","Calculated Gamble"],"picked":"Poisoned Stab","floor":12.0},{"not_picked":["Prepared","Quick Slash","Concentrate"],"picked":"Dagger Spray","floor":14.0},{"not_picked":["Doppelganger","Envenom","Bullet Time"],"picked":"Corpse Explosion","floor":16.0},{"not_picked":["Cloak And Dagger","Prepared","Riddle With Holes","Calculated Gamble"],"picked":"SKIP","floor":18.0},{"not_picked":["Concentrate","Well Laid Plans","Slice","Acrobatics"],"picked":"SKIP","floor":20.0},{"not_picked":["Slice","Quick Slash","Expertise","Prepared"],"picked":"SKIP","floor":21.0},{"not_picked":["Quick Slash","Tactician","Phantasmal Killer","Setup"],"picked":"SKIP","floor":23.0},{"not_picked":["Deadly Poison","Quick Slash","Heel Hook"],"picked":"Dagger Spray+1","floor":25}],"player_experience":1336580,"relics_obtained":[{"floor":7.0,"key":"Question Card"},{"floor":9.0,"key":"Bag of Preparation"},{"floor":11.0,"key":"MawBank"},{"floor":12.0,"key":"Mercury Hourglass"},{"floor":14.0,"key":"Dodecahedron"},{"floor":23.0,"key":"Art of War"},{"floor":26,"key":"Matryoshka"}],"event_choices":[{"damage_healed":0.0,"max_hp_gain":5.0,"max_hp_loss":0.0,"gold_gain":0.0,"event_name":"Big Fish","player_choice":"Donut","floor":3.0,"gold_loss":0.0,"damage_taken":0.0},{"damage_healed":0.0,"max_hp_gain":0.0,"max_hp_loss":0.0,"gold_gain":0.0,"event_name":"The Cleric","player_choice":"Leave","floor":4.0,"gold_loss":0.0,"damage_taken":0.0},{"damage_healed":0.0,"max_hp_gain":0.0,"max_hp_loss":0.0,"gold_gain":0.0,"event_name":"Dead Adventurer","player_choice":"Searched \u00271\u0027 times","floor":11.0,"gold_loss":0.0,"damage_taken":0.0},{"damage_healed":0.0,"max_hp_gain":0.0,"max_hp_loss":0.0,"gold_gain":0.0,"event_name":"Shining Light","player_choice":"Ignored","floor":13.0,"gold_loss":0.0,"damage_taken":0.0},{"damage_healed":0.0,"max_hp_gain":0.0,"max_hp_loss":0.0,"gold_gain":0.0,"event_name":"Lab","player_choice":"Got Potions","floor":19.0,"gold_loss":0.0,"damage_taken":0.0}],"is_beta":false,"boss_relics":[{"not_picked":["Orrery","Lizard Tail"],"picked":"Ectoplasm"}],"items_purged_floors":[],"is_endless":false,"potions_floor_spawned":[5,14,16,21],"killed_by":"Snake Plant","ascension_level":20}