{"gold_per_floor":[117,127,16,16,16,43,43,43,92,92,103,103,136,25,25,104,104,122,140,172,187,34,34,34,69,69,80,80,80],"floor_reached":29,"playtime":1918,"items_purged":["Strike_G","Strike_G"],"score":548,"play_id":"91487cbd-2b69-432b-8347-1b2e169c7a07","local_time":"20190515211414","is_ascension_mode":true,"campfire_choices":[{"data":"Neutralize","floor":7,"key":"SMITH"},{"data":"Dash","floor":10,"key":"SMITH"},{"data":"Unload","floor":12,"key":"SMITH"},{"data":"Deflect","floor":15,"key":"SMITH"},{"data":"Dagger Spray","floor":24,"key":"SMITH"},{"floor":28,"key":"REST"}],"neow_cost":"NONE","seed_source_timestamp":70307998712887,"circlet_count":0,"master_deck":["AscendersBane","Defend_G","Defend_G","Defend_G","Defend_G","Defend_G","Strike_G","Strike_G","Survivor","Neutralize+1","Dash+1","Well Laid Plans","Unload+1","Concentrate","Deflect+1","Die Die Die","Underhanded Strike","Dagger Spray+1","Backflip+1","Underhanded Strike","Deflect"],"relics":["Ring of the Snake","Unceasing Top","Anchor","WingedGreaves","Cursed Key","Red Mask","Nloth\u0027s Gift","Torii"],"potions_floor_usage":[13,16,16,20,25],"damage_taken":[{"damage":0,"enemies":"Jaw Worm","floor":1,"turns":1},{"damage":0,"enemies":"Cultist","floor":2,"turns":1},{"damage":0,"enemies":"3 Sentries","floor":6,"turns":1},{"damage":0,"enemies":"2 Louse","floor":11,"turns":2},{"damage":3,"enemies":"Lagavulin","floor":13,"turns":5},{"damage":45,"enemies":"Slime Boss","floor":16,"turns":10},{"damage":11,"enemies":"2 Thieves","floor":18,"turns":3},{"damage":0,"enemies":"Chosen","floor":19,"turns":3},{"damage":0,"enemies":"Masked Bandits","floor":20,"turns":2},{"damage":3,"enemies":"Snake Plant","floor":21,"turns":4},{"damage":31,"enemies":"Slavers","floor":25,"turns":7},{"damage":1,"enemies":"3 Cultists","floor":27,"turns":4},{"damage":26,"enemies":"Book of Stabbing","floor":29,"turns":6}],"seed_played":"8574487798370736331","potions_obtained":[{"floor":1,"key":"Poison Potion"},{"floor":2,"key":"SneckoOil"},{"floor":18,"key":"LiquidBronze"},{"floor":19,"key":"Energy Potion"},{"floor":27,"key":"Ancient Potion"}],"is_trial":false,"path_per_floor":["M","M","$","?","$","E","R","$","T","R","M","R","E","$","R","B",null,"M","M","?","M","$","?","R","E","T","M","R","E"],"character_chosen":"THE_SILENT","items_purchased":["Well Laid Plans","FearPotion","PowerPotion","Underhanded Strike"],"campfire_rested":1,"item_purchase_floors":[3,14,14,22],"current_hp_per_floor":[59,59,59,59,59,59,59,59,59,59,59,59,56,56,56,11,52,41,41,41,38,38,38,38,7,7,6,25,0],"gold":80,"neow_bonus":"THREE_ENEMY_KILL","is_prod":false,"is_daily":false,"chose_seed":false,"campfire_upgraded":5,"win_rate":0,"timestamp":1557951254,"path_taken":["M","M","$","?","?","E","R","$","T","R","M","R","E","$","R","BOSS","M","M","?","M","$","?","R","E","T","?","R","E"],"build_version":"2019-01-23","purchased_purges":2,"victory":false,"max_hp_per_floor":[66,66,66,66,66,66,66,66,66,66,66,66,66,66,66,66,66,66,66,66,66,66,66,66,66,66,66,66,66],"card_choices":[{"not_picked":["Expertise","Calculated Gamble"],"picked":"Dash","floor":1},{"not_picked":["Predator","Deadly Poison","Slice"],"picked":"SKIP","floor":2},{"not_picked":["Crippling Poison","Quick Slash"],"picked":"Concentrate","floor":6},{"not_picked":["Outmaneuver","Backflip"],"picked":"Deflect","floor":11},{"not_picked":["Bane","Poisoned Stab","Masterful Stab"],"picked":"SKIP","floor":13},{"not_picked":["Unload","Storm of Steel"],"picked":"Die Die Die","floor":16},{"not_picked":["Dodge and Roll","Acrobatics"],"picked":"Underhanded Strike","floor":18},{"not_picked":["Eviscerate","Dodge and Roll"],"picked":"Dagger Spray","floor":19},{"not_picked":["Well Laid Plans","Prepared"],"picked":"Backflip+1","floor":20},{"not_picked":["Unload","Calculated Gamble","Deadly Poison"],"picked":"SKIP","floor":21},{"not_picked":["Flying Knee+1","Prepared"],"picked":"Deflect","floor":25},{"not_picked":["Terror","Finisher","Night Terror"],"picked":"SKIP","floor":27}],"player_experience":1340404,"relics_obtained":[{"floor":6,"key":"Unceasing Top"},{"floor":9,"key":"Anchor"},{"floor":13,"key":"WingedGreaves"},{"floor":20,"key":"Red Mask"},{"floor":25,"key":"Torii"}],"event_choices":[{"damage_healed":0,"gold_gain":0,"cards_transformed":["Strike_G"],"player_choice":"Transformed","damage_taken":0,"max_hp_gain":0,"max_hp_loss":0,"event_name":"Transmorgrifier","floor":4,"gold_loss":0,"cards_obtained":["Unload"]},{"damage_healed":0,"gold_gain":0,"player_choice":"Fought Bandits","damage_taken":0,"max_hp_gain":0,"max_hp_loss":0,"event_name":"Masked Bandits","floor":20,"gold_loss":0},{"damage_healed":0,"gold_gain":0,"player_choice":"Traded Relic","damage_taken":0,"relics_obtained":["Nloth\u0027s Gift"],"max_hp_gain":0,"max_hp_loss":0,"event_name":"N\u0027loth","floor":23,"relics_lost":["NeowsBlessing"],"gold_loss":0}],"is_beta":false,"boss_relics":[{"not_picked":["White Beast Statue","Orrery"],"picked":"Cursed Key"}],"items_purged_floors":[3,22],"is_endless":false,"potions_floor_spawned":[1,2,6,18,19,27],"killed_by":"Book of Stabbing","ascension_level":20}