{"gold_per_floor":[111,128,128,47,47,47,72,72,120,155,170,170,187,206,206,283,283,294,294,313,331,331,357,369,116,162,181,214,214,243,260,260,260],"floor_reached":33,"playtime":1698,"items_purged":["Decay"],"score":680,"play_id":"9399d01a-0d7a-4dcf-b018-7f648d720cd4","local_time":"20190515233152","is_ascension_mode":true,"campfire_choices":[{"data":"A Thousand Cuts","floor":6,"key":"SMITH"},{"data":"Dagger Spray","floor":8,"key":"SMITH"},{"data":"Crippling Poison","floor":12,"key":"SMITH"},{"floor":15,"key":"REST"},{"floor":24,"key":"REST"},{"floor":29,"key":"REST"},{"floor":32,"key":"REST"}],"neow_cost":"NONE","seed_source_timestamp":78786459769933,"circlet_count":0,"master_deck":["AscendersBane","Defend_G+1","Defend_G+1","Defend_G+1","Defend_G+1","Defend_G+1","Strike_G+1","Strike_G+1","Strike_G+1","Strike_G+1","Survivor","Neutralize","Footwork","Quick Slash","Footwork","A Thousand Cuts+1","Dagger Spray+1","Crippling Poison+1","Bouncing Flask","Glass Knife","Blur+1","Noxious Fumes","Master of Strategy","Wraith Form v2"],"relics":["Ring of the Snake","NeowsBlessing","Blood Vial","Strawberry","Vajra","Mercury Hourglass","Sozu","MawBank","Lantern","Bottled Lightning","Bronze Scales"],"potions_floor_usage":[10,16,21],"damage_taken":[{"damage":0,"enemies":"2 Louse","floor":1,"turns":2},{"damage":0,"enemies":"Small Slimes","floor":2,"turns":1},{"damage":0,"enemies":"Lagavulin","floor":7,"turns":2},{"damage":33,"enemies":"Gremlin Nob","floor":10,"turns":5},{"damage":0,"enemies":"Cultist","floor":11,"turns":3},{"damage":0,"enemies":"2 Fungi Beasts","floor":13,"turns":2},{"damage":3,"enemies":"Blue Slaver","floor":14,"turns":3},{"damage":16,"enemies":"Hexaghost","floor":16,"turns":9},{"damage":11,"enemies":"Shell Parasite","floor":18,"turns":5},{"damage":8,"enemies":"3 Byrds","floor":20,"turns":3},{"damage":9,"enemies":"Sentry and Sphere","floor":21,"turns":4},{"damage":21,"enemies":"Book of Stabbing","floor":23,"turns":6},{"damage":9,"enemies":"Centurion and Healer","floor":27,"turns":5},{"damage":11,"enemies":"Gremlin Leader","floor":28,"turns":5},{"damage":34,"enemies":"Book of Stabbing","floor":30,"turns":7},{"damage":12,"enemies":"Chosen and Byrds","floor":31,"turns":4},{"damage":41,"enemies":"Collector","floor":33,"turns":7}],"seed_played":"-8425249258089332839","potions_obtained":[{"floor":2,"key":"Ancient Potion"},{"floor":7,"key":"SkillPotion"},{"floor":11,"key":"Strength Potion"},{"floor":14,"key":"Energy Potion"}],"is_trial":false,"path_per_floor":["M","M","?","$","?","R","E","R","T","E","M","R","M","M","R","B",null,"M","?","M","M","?","E","R","$","T","M","E","R","E","M","R","B"],"character_chosen":"THE_SILENT","items_purchased":["Footwork","Master of Strategy"],"campfire_rested":4,"item_purchase_floors":[4,25],"current_hp_per_floor":[59,59,48,48,48,48,57,57,57,26,28,28,30,29,50,36,64,55,55,49,42,42,23,44,44,44,37,28,49,17,7,28,0],"gold":260,"neow_bonus":"THREE_ENEMY_KILL","is_prod":false,"is_daily":false,"chose_seed":false,"campfire_upgraded":3,"win_rate":0,"timestamp":1557959512,"path_taken":["M","M","?","$","?","R","E","R","T","E","M","R","?","M","R","BOSS","M","?","M","M","?","E","R","$","T","M","E","R","E","M","R","BOSS"],"build_version":"2019-01-23","purchased_purges":1,"victory":false,"max_hp_per_floor":[66,66,66,66,66,66,73,73,73,73,73,73,73,73,73,73,73,73,73,73,73,73,73,73,73,73,73,73,73,73,73,73,73],"card_choices":[{"not_picked":["Underhanded Strike","Poisoned Stab"],"picked":"Footwork","floor":1},{"not_picked":["Deadly Poison","Distraction"],"picked":"Quick Slash","floor":2},{"not_picked":["Acrobatics","Venomology"],"picked":"Dagger Spray","floor":7},{"not_picked":["Flechettes","Riddle With Holes","Reflex"],"picked":"SKIP","floor":10},{"not_picked":["Acrobatics","Finisher"],"picked":"Crippling Poison","floor":11},{"not_picked":["Deflect","Dagger Spray","Dagger Throw"],"picked":"SKIP","floor":13},{"not_picked":["Masterful Stab","Cloak And Dagger"],"picked":"Bouncing Flask","floor":14},{"not_picked":["Storm of Steel","Die Die Die"],"picked":"Glass Knife","floor":16},{"not_picked":["Deadly Poison","Leg Sweep"],"picked":"Blur+1","floor":18},{"not_picked":["Terror","Calculated Gamble","Acrobatics"],"picked":"SKIP","floor":20},{"not_picked":["Catalyst","Prepared","Cloak And Dagger"],"picked":"SKIP","floor":21},{"not_picked":["Endless Agony","Choke"],"picked":"Noxious Fumes","floor":23},{"not_picked":["Finisher","Blade Dance","Acrobatics"],"picked":"SKIP","floor":27},{"not_picked":["Poisoned Stab","Finisher","Dagger Throw"],"picked":"SKIP","floor":28},{"not_picked":["Poisoned Stab","Finisher","Dagger Throw"],"picked":"SKIP","floor":28},{"not_picked":["Dagger Throw","Poisoned Stab"],"picked":"Wraith Form v2","floor":30},{"not_picked":["Distraction","Quick Slash","Acrobatics+1"],"picked":"SKIP","floor":31}],"player_experience":1347281,"relics_obtained":[{"floor":7,"key":"Strawberry"},{"floor":9,"key":"Vajra"},{"floor":10,"key":"Mercury Hourglass"},{"floor":23,"key":"MawBank"},{"floor":26,"key":"Lantern"},{"floor":28,"key":"Bottled Lightning"},{"floor":30,"key":"Bronze Scales"}],"event_choices":[{"damage_healed":0,"gold_gain":0,"player_choice":"Success","damage_taken":11,"relics_obtained":["Blood Vial"],"max_hp_gain":0,"max_hp_loss":0,"event_name":"Scrap Ooze","floor":3,"gold_loss":0},{"damage_healed":0,"gold_gain":0,"cards_transformed":["Strike_G"],"player_choice":"Transformed","damage_taken":0,"max_hp_gain":0,"max_hp_loss":0,"event_name":"Transmorgrifier","floor":5,"gold_loss":0,"cards_obtained":["A Thousand Cuts"]},{"damage_healed":0,"gold_gain":0,"player_choice":"Simplicity","damage_taken":0,"max_hp_gain":0,"max_hp_loss":0,"event_name":"Back to Basics","floor":19,"gold_loss":0,"cards_upgraded":["Defend_G","Defend_G","Defend_G","Defend_G","Defend_G","Strike_G","Strike_G","Strike_G","Strike_G"]},{"damage_healed":0,"gold_gain":0,"player_choice":"Smashed Altar","damage_taken":0,"max_hp_gain":0,"max_hp_loss":0,"event_name":"Forgotten Altar","floor":22,"gold_loss":0,"cards_obtained":["Decay"]}],"is_beta":false,"boss_relics":[{"not_picked":["Calling Bell","Ring of the Serpent"],"picked":"Sozu"}],"items_purged_floors":[25],"is_endless":false,"potions_floor_spawned":[2,7,11,13,14,21,23,30,31],"killed_by":"Collector","ascension_level":20}