{"gold_per_floor":[110,122,122,141,63,89,101,101,125,144,144,163,180,256,256,256],"floor_reached":16,"playtime":2028,"items_purged":[],"score":208,"play_id":"4246ae25-2681-4853-8517-986a6b586da8","local_time":"20190519204512","is_ascension_mode":true,"campfire_choices":[{"data":"Dagger Spray","floor":8,"key":"SMITH"},{"floor":11,"key":"REST"},{"floor":15,"key":"REST"}],"neow_cost":"NONE","seed_source_timestamp":414062871498083,"circlet_count":0,"master_deck":["AscendersBane","Defend_G","Defend_G","Defend_G","Defend_G","Defend_G","Strike_G","Strike_G","Strike_G","Strike_G","Survivor","Neutralize","Die Die Die","Footwork","Flying Knee","Dagger Spray+1","Dash","PiercingWail","Leg Sweep"],"relics":["Ring of the Snake","Bag of Preparation","Dream Catcher"],"potions_floor_usage":[6,6,16,16],"damage_taken":[{"damage":6,"enemies":"Jaw Worm","floor":1,"turns":7},{"damage":7,"enemies":"Cultist","floor":2,"turns":5},{"damage":4,"enemies":"Small Slimes","floor":4,"turns":3},{"damage":20,"enemies":"Lagavulin","floor":6,"turns":9},{"damage":12,"enemies":"Exordium Thugs","floor":7,"turns":7},{"damage":2,"enemies":"Red Slaver","floor":10,"turns":4},{"damage":0,"enemies":"2 Fungi Beasts","floor":12,"turns":3},{"damage":0,"enemies":"Exordium Wildlife","floor":13,"turns":2},{"damage":48,"enemies":"The Guardian","floor":16,"turns":13}],"seed_played":"6526836166677111529","potions_obtained":[{"floor":0,"key":"Poison Potion"},{"floor":0,"key":"Fire Potion"},{"floor":2,"key":"Poison Potion"},{"floor":6,"key":"Strength Potion"},{"floor":7,"key":"SmokeBomb"},{"floor":13,"key":"SkillPotion"}],"is_trial":false,"path_per_floor":["M","M","?","M","$","E","M","R","T","M","R","M","M","?","R","B"],"character_chosen":"THE_SILENT","items_purchased":["Footwork"],"campfire_rested":2,"item_purchase_floors":[5],"current_hp_per_floor":[53,46,46,42,42,22,10,10,10,8,27,27,27,27,46,0],"gold":256,"neow_bonus":"THREE_SMALL_POTIONS","is_prod":false,"is_daily":false,"chose_seed":false,"campfire_upgraded":1,"win_rate":0,"timestamp":1558295112,"path_taken":["M","M","?","M","?","E","M","R","T","?","R","M","M","?","R","BOSS"],"build_version":"2019-01-23","purchased_purges":0,"victory":false,"max_hp_per_floor":[66,66,66,66,66,66,66,66,66,66,66,66,66,66,66,66],"card_choices":[{"not_picked":["Underhanded Strike","Backflip","Tactician"],"picked":"SKIP","floor":1},{"not_picked":["Flechettes","Poisoned Stab"],"picked":"Die Die Die","floor":2},{"not_picked":["Concentrate","Eviscerate","Backflip"],"picked":"SKIP","floor":4},{"not_picked":["Cloak And Dagger","Expertise"],"picked":"Flying Knee","floor":6},{"not_picked":["Deflect","Eviscerate"],"picked":"Dagger Spray","floor":7},{"not_picked":["Poisoned Stab","Expertise"],"picked":"Dash","floor":10},{"not_picked":["Deflect","Blade Dance"],"picked":"PiercingWail","floor":11},{"not_picked":["Underhanded Strike","Bullet Time","Accuracy"],"picked":"SKIP","floor":12},{"not_picked":["Flying Knee","Setup","Outmaneuver"],"picked":"SKIP","floor":13},{"not_picked":["Poisoned Stab","Terror"],"picked":"Leg Sweep","floor":15}],"player_experience":1401331,"relics_obtained":[{"floor":6,"key":"Bag of Preparation"},{"floor":9,"key":"Dream Catcher"}],"event_choices":[{"cards_removed":["Strike_G"],"damage_healed":0,"gold_gain":0,"player_choice":"Offered Basic","damage_taken":0,"max_hp_gain":0,"max_hp_loss":0,"event_name":"Bonfire Elementals","floor":3,"gold_loss":0},{"damage_healed":0,"gold_gain":76,"player_choice":"Gained Gold","damage_taken":0,"max_hp_gain":0,"max_hp_loss":0,"event_name":"Golden Wing","floor":14,"gold_loss":0}],"is_beta":false,"boss_relics":[],"items_purged_floors":[],"is_endless":false,"potions_floor_spawned":[2,6,7,13],"killed_by":"The Guardian","ascension_level":20}