{"gold_per_floor":[113,113,128,203,53,53,78,78,78,94,53,53,71,83,83,161,161,178,178,190,37,54,54,84,84,84,84,115,140,168,186,186,186],"floor_reached":33,"playtime":2343,"items_purged":["Strike_G","Strike_G"],"score":696,"play_id":"2466fd29-bc10-4fdc-875b-412f5bbc0970","local_time":"20190520222941","is_ascension_mode":true,"campfire_choices":[{"data":"Well Laid Plans","floor":6.0,"key":"SMITH"},{"data":"Neutralize","floor":8.0,"key":"SMITH"},{"data":"Footwork","floor":12.0,"key":"SMITH"},{"data":"Dagger Spray","floor":15.0,"key":"SMITH"},{"data":"Grand Finale","floor":23.0,"key":"SMITH"},{"data":"Caltrops","floor":25.0,"key":"SMITH"},{"floor":27.0,"key":"REST"},{"floor":32,"key":"REST"}],"neow_cost":"NONE","seed_source_timestamp":74491492051802,"circlet_count":0,"master_deck":["AscendersBane","Defend_G","Defend_G","Defend_G","Defend_G","Defend_G+1","Strike_G","Strike_G","Survivor","Neutralize+1","Caltrops+1","Well Laid Plans+1","Backflip+1","Footwork+1","Poisoned Stab","Dagger Spray+1","Grand Finale+1","Acrobatics","Poisoned Stab+1"],"special_seed":0,"relics":["Ring of the Snake","NeowsBlessing","Bottled Lightning","WingedGreaves","Philosopher\u0027s Stone","War Paint","Smiling Mask","Strawberry","Gremlin Horn"],"potions_floor_usage":[33,33],"damage_taken":[{"damage":0.0,"enemies":"2 Louse","floor":1.0,"turns":1.0},{"damage":0.0,"enemies":"Jaw Worm","floor":3.0,"turns":1.0},{"damage":0.0,"enemies":"Gremlin Nob","floor":7.0,"turns":1.0},{"damage":0.0,"enemies":"Cultist","floor":10.0,"turns":5.0},{"damage":0.0,"enemies":"Blue Slaver","floor":13.0,"turns":6.0},{"damage":10.0,"enemies":"2 Fungi Beasts","floor":14.0,"turns":4.0},{"damage":23.0,"enemies":"The Guardian","floor":16.0,"turns":13.0},{"damage":0.0,"enemies":"Spheric Guardian","floor":18.0,"turns":3.0},{"damage":2.0,"enemies":"Shell Parasite","floor":20.0,"turns":5.0},{"damage":9.0,"enemies":"Shelled Parasite and Fungi","floor":22.0,"turns":5.0},{"damage":4.0,"enemies":"Gremlin Leader","floor":24.0,"turns":5.0},{"damage":15.0,"enemies":"Slavers","floor":28.0,"turns":3.0},{"damage":25.0,"enemies":"Gremlin Leader","floor":29.0,"turns":5.0},{"damage":30.0,"enemies":"Slavers","floor":30.0,"turns":3.0},{"damage":7,"enemies":"Cultist and Chosen","floor":31,"turns":3},{"damage":24,"enemies":"Champ","floor":33,"turns":11}],"seed_played":"4869525492071081697","potions_obtained":[{"floor":1.0,"key":"Fire Potion"},{"floor":16.0,"key":"LiquidBronze"},{"floor":28.0,"key":"Regen Potion"},{"floor":29.0,"key":"SpeedPotion"},{"floor":30.0,"key":"Block Potion"},{"floor":31,"key":"Energy Potion"}],"is_trial":false,"path_per_floor":["M","?","M","?","$","R","E","R","T","M","$","R","M","M","R","B",null,"M","?","M","$","M","R","E","R","T","R","E","E","E","M","R","B"],"character_chosen":"THE_SILENT","items_purchased":["Well Laid Plans","Footwork","PowerPotion"],"campfire_rested":2,"item_purchase_floors":[5,11,21],"current_hp_per_floor":[59,59,59,48,48,48,48,48,48,48,48,48,48,38,38,15,53,53,53,51,51,42,42,38,38,38,57,42,38,8,1,22,0],"gold":186,"neow_bonus":"THREE_ENEMY_KILL","is_prod":false,"is_daily":false,"chose_seed":false,"campfire_upgraded":6,"win_rate":0,"timestamp":1558387781,"path_taken":["M","?","M","?","$","R","E","R","T","M","?","R","M","M","R","BOSS","M","?","M","$","?","R","E","R","T","R","E","E","E","M","R","BOSS"],"build_version":"2019-01-23","purchased_purges":2,"victory":false,"max_hp_per_floor":[66,66,66,66,66,66,66,66,66,66,66,66,66,66,66,66,66,66,66,66,66,66,66,66,66,66,66,66,73,73,73,73,73],"card_choices":[{"not_picked":["Terror","Blur","Prepared"],"picked":"SKIP","floor":1.0},{"not_picked":["Backflip","Dodge and Roll"],"picked":"Caltrops","floor":3.0},{"not_picked":["PiercingWail","Finisher"],"picked":"Backflip","floor":7.0},{"not_picked":["Outmaneuver","Underhanded Strike","Slice"],"picked":"SKIP","floor":10.0},{"not_picked":["Heel Hook","Caltrops"],"picked":"Poisoned Stab","floor":13.0},{"not_picked":["PiercingWail","Tactician"],"picked":"Dagger Spray","floor":14.0},{"not_picked":["After Image","Venomology"],"picked":"Grand Finale","floor":16.0},{"not_picked":["PiercingWail","Dagger Throw"],"picked":"Acrobatics","floor":18.0},{"not_picked":["Accuracy","Outmaneuver"],"picked":"Poisoned Stab+1","floor":20.0},{"not_picked":["Prepared","Reflex","Deflect"],"picked":"SKIP","floor":22.0},{"not_picked":["Predator","Night Terror","Setup"],"picked":"SKIP","floor":24.0},{"not_picked":["Predator","Night Terror","Setup"],"picked":"SKIP","floor":24.0},{"not_picked":["All Out Attack+1","Dagger Throw","Flying Knee"],"picked":"SKIP","floor":28.0},{"not_picked":["Reflex","Dagger Spray","Endless Agony"],"picked":"SKIP","floor":29.0},{"not_picked":["PiercingWail","Flechettes","Choke"],"picked":"SKIP","floor":30.0},{"not_picked":["Endless Agony","Masterful Stab","Deflect"],"picked":"SKIP","floor":31}],"player_experience":1410877,"relics_obtained":[{"floor":7.0,"key":"Bottled Lightning"},{"floor":9.0,"key":"WingedGreaves"},{"floor":24.0,"key":"War Paint"},{"floor":28.0,"key":"Smiling Mask"},{"floor":29.0,"key":"Strawberry"},{"floor":30.0,"key":"Gremlin Horn"}],"event_choices":[{"damage_healed":0.0,"max_hp_gain":0.0,"max_hp_loss":0.0,"gold_gain":0.0,"event_name":"Liars Game","player_choice":"Ignored","floor":2.0,"gold_loss":0.0,"damage_taken":0.0},{"damage_healed":0.0,"max_hp_gain":0.0,"max_hp_loss":0.0,"gold_gain":75.0,"event_name":"World of Goop","player_choice":"Gather Gold","floor":4.0,"gold_loss":0.0,"damage_taken":11.0},{"cards_removed":["Strike_G"],"damage_healed":0.0,"max_hp_gain":0.0,"max_hp_loss":0.0,"gold_gain":0.0,"event_name":"Bonfire Elementals","player_choice":"Offered Basic","floor":19.0,"gold_loss":0.0,"damage_taken":0.0}],"is_beta":false,"boss_relics":[{"not_picked":["Coffee Dripper","WristBlade"],"picked":"Philosopher\u0027s Stone"}],"items_purged_floors":[5,21],"is_endless":false,"potions_floor_spawned":[1,16,28,29,30,31],"killed_by":"Champ","ascension_level":20}