{"gold_per_floor":[119,119,39,39,39,39,72,136,136,154,173,216,216,216,216,305,305,319,319,340,41,56,56,100,143,213,213,213,227,268,282,282,282],"floor_reached":33,"playtime":1644,"items_purged":[],"score":682,"play_id":"13f5db25-7fce-4900-9e77-c53b324480f1","local_time":"20190518230146","is_ascension_mode":true,"campfire_choices":[{"data":"Neutralize","floor":6,"key":"SMITH"},{"data":"Dagger Spray","floor":13,"key":"SMITH"},{"data":"All Out Attack","floor":15,"key":"SMITH"},{"floor":23,"key":"REST"},{"floor":28,"key":"REST"},{"floor":32,"key":"REST"}],"neow_cost":"NONE","seed_source_timestamp":336239271989431,"circlet_count":0,"master_deck":["AscendersBane","Defend_G","Defend_G","Defend_G","Defend_G","Defend_G","Strike_G","Strike_G","Strike_G","Survivor","Neutralize+1","Dagger Throw","Well Laid Plans","PiercingWail","Dagger Spray+1","All Out Attack+1","Die Die Die","Caltrops","Escape Plan","After Image","Escape Plan","Backstab","PiercingWail"],"relics":["Ring of the Snake","NeowsBlessing","Golden Idol","Lantern","Bag of Marbles","Question Card","Bag of Preparation","White Beast Statue","ClockworkSouvenir","Regal Pillow","Red Mask","Ninja Scroll","Torii"],"potions_floor_usage":[12,12,16,22,22,24,29,31,33,33],"damage_taken":[{"damage":0,"enemies":"Small Slimes","floor":1,"turns":1},{"damage":0,"enemies":"Lagavulin","floor":7,"turns":1},{"damage":0,"enemies":"3 Sentries","floor":8,"turns":1},{"damage":0,"enemies":"Jaw Worm","floor":10,"turns":4},{"damage":0,"enemies":"2 Louse","floor":11,"turns":2},{"damage":4,"enemies":"3 Sentries","floor":12,"turns":6},{"damage":39,"enemies":"Slime Boss","floor":16,"turns":9},{"damage":24,"enemies":"Spheric Guardian","floor":18,"turns":6},{"damage":0,"enemies":"3 Byrds","floor":20,"turns":2},{"damage":18,"enemies":"Sentry and Sphere","floor":22,"turns":8},{"damage":0,"enemies":"Slavers","floor":24,"turns":1},{"damage":0,"enemies":"Masked Bandits","floor":25,"turns":1},{"damage":3,"enemies":"Snecko","floor":29,"turns":7},{"damage":45,"enemies":"Gremlin Leader","floor":30,"turns":6},{"damage":12,"enemies":"Chosen and Byrds","floor":31,"turns":3},{"damage":50,"enemies":"Automaton","floor":33,"turns":8}],"seed_played":"-5899214054775095698","potions_obtained":[{"floor":7,"key":"Poison Potion"},{"floor":8,"key":"Regen Potion"},{"floor":12,"key":"Explosive Potion"},{"floor":16,"key":"Ancient Potion"},{"floor":18,"key":"GhostInAJar"},{"floor":22,"key":"Strength Potion"},{"floor":24,"key":"GamblersBrew"},{"floor":25,"key":"Poison Potion"},{"floor":29,"key":"Ancient Potion"},{"floor":30,"key":"SkillPotion"},{"floor":31,"key":"Dexterity Potion"}],"is_trial":false,"path_per_floor":["M","?","$","?","$","R","E","?","T","M","M","E","R","?","R","B",null,"M","$","M","$","M","R","E","?","T","?","R","M","E","M","R","B"],"character_chosen":"THE_SILENT","items_purchased":["Well Laid Plans","Caltrops","ClockworkSouvenir"],"campfire_rested":3,"item_purchase_floors":[3,21,21],"current_hp_per_floor":[59,52,52,29,29,29,29,29,29,29,29,40,40,40,40,1,50,26,26,26,26,8,27,27,27,27,27,61,58,13,1,35,0],"gold":282,"neow_bonus":"THREE_ENEMY_KILL","is_prod":false,"is_daily":false,"chose_seed":false,"campfire_upgraded":3,"win_rate":0,"timestamp":1558216906,"path_taken":["M","?","$","?","?","R","E","?","T","?","M","E","R","?","R","BOSS","M","$","?","$","M","R","E","?","T","?","R","M","E","M","R","BOSS"],"build_version":"2019-01-23","purchased_purges":0,"victory":false,"max_hp_per_floor":[66,66,66,66,66,66,66,66,66,66,66,66,66,66,66,66,66,66,66,66,66,66,66,66,66,66,66,66,66,66,66,66,66],"card_choices":[{"not_picked":["PiercingWail","Sucker Punch"],"picked":"Dagger Throw","floor":1},{"not_picked":["Terror","Backflip"],"picked":"PiercingWail","floor":7},{"not_picked":["Backflip","Endless Agony","Quick Slash"],"picked":"Dagger Spray","floor":10},{"not_picked":["Sucker Punch","Bane","Backflip"],"picked":"All Out Attack","floor":11},{"not_picked":["Unload","Bane","Acrobatics","Slice"],"picked":"SKIP","floor":12},{"not_picked":["Tools of the Trade","Envenom","Corpse Explosion"],"picked":"Die Die Die","floor":16},{"not_picked":["Outmaneuver","Dagger Throw","Sucker Punch","Prepared"],"picked":"SKIP","floor":18},{"not_picked":["Flying Knee+1","Deflect","Eviscerate","Catalyst"],"picked":"SKIP","floor":20},{"not_picked":["Well Laid Plans","Skewer","Flying Knee"],"picked":"Escape Plan","floor":22},{"not_picked":["Concentrate","Deflect","Slice"],"picked":"After Image","floor":24},{"not_picked":["Heel Hook+1","Outmaneuver","Skewer"],"picked":"Escape Plan","floor":25},{"not_picked":["Dodge and Roll","Sucker Punch","Slice","Prepared+1"],"picked":"SKIP","floor":29},{"not_picked":["Underhanded Strike","Bullet Time","Dagger Spray"],"picked":"Backstab","floor":30},{"not_picked":["Dagger Throw","Bane","Well Laid Plans"],"picked":"PiercingWail","floor":31}],"player_experience":1375090,"relics_obtained":[{"floor":7,"key":"Lantern"},{"floor":8,"key":"Bag of Marbles"},{"floor":9,"key":"Question Card"},{"floor":12,"key":"Bag of Preparation"},{"floor":24,"key":"Regal Pillow"},{"floor":25,"key":"Red Mask"},{"floor":26,"key":"Ninja Scroll"},{"floor":30,"key":"Torii"}],"event_choices":[{"cards_removed":["Strike_G"],"damage_healed":0,"gold_gain":0,"player_choice":"Card Removal","damage_taken":7,"max_hp_gain":0,"max_hp_loss":0,"event_name":"Golden Wing","floor":2,"gold_loss":0},{"damage_healed":0,"gold_gain":0,"player_choice":"Take Damage","damage_taken":23,"relics_obtained":["Golden Idol"],"max_hp_gain":0,"max_hp_loss":0,"event_name":"Golden Idol","floor":4,"gold_loss":0},{"damage_healed":0,"gold_gain":30,"player_choice":"Searched \u00272\u0027 times","damage_taken":0,"max_hp_gain":0,"max_hp_loss":0,"event_name":"Dead Adventurer","floor":8,"gold_loss":0},{"cards_removed":["Strike_G"],"damage_healed":0,"gold_gain":0,"player_choice":"Offered Basic","damage_taken":0,"max_hp_gain":0,"max_hp_loss":0,"event_name":"Bonfire Elementals","floor":14,"gold_loss":0},{"damage_healed":0,"gold_gain":0,"player_choice":"Fought Bandits","damage_taken":0,"max_hp_gain":0,"max_hp_loss":0,"event_name":"Masked Bandits","floor":25,"gold_loss":0},{"damage_healed":0,"gold_gain":0,"player_choice":"Ignored","damage_taken":0,"max_hp_gain":0,"max_hp_loss":0,"event_name":"The Mausoleum","floor":27,"gold_loss":0}],"is_beta":false,"boss_relics":[{"not_picked":["Runic Dome","Ectoplasm"],"picked":"White Beast Statue"}],"items_purged_floors":[],"is_endless":false,"potions_floor_spawned":[7,8,12,16,18,20,22,24,25,29,30,31],"killed_by":"Automaton","ascension_level":20}