{"gold_per_floor":[116,136,151,171,13,13,47,71,108,120,158,0,0,20,20,97,147,157,177,177,188,24,56,56],"floor_reached":24,"playtime":1821,"items_purged":["Strike_G"],"score":506,"play_id":"3410b418-b01c-486e-81ec-14d9a1890263","local_time":"20190520002309","is_ascension_mode":true,"campfire_choices":[{"data":"Predator","floor":6,"key":"SMITH"},{"data":"Deadly Poison","floor":10,"key":"SMITH"},{"data":"Neutralize","floor":13,"key":"SMITH"},{"data":"Bouncing Flask","floor":15,"key":"SMITH"}],"neow_cost":"NONE","seed_source_timestamp":427345824416919,"circlet_count":0,"master_deck":["AscendersBane","Defend_G+1","Defend_G+1","Defend_G+1","Defend_G+1","Defend_G+1","Strike_G+1","Strike_G+1","Strike_G+1","Strike_G+1","Survivor","Neutralize+1","Predator+1","Blur","Deadly Poison+1","Backflip+1","Caltrops","Bouncing Flask+1","A Thousand Cuts","Dagger Spray","Noxious Fumes","Catalyst"],"relics":["Ring of the Snake","Strawberry","Regal Pillow","MawBank","PreservedInsect","Anchor","Tiny House","Oddly Smooth Stone"],"potions_floor_usage":[7,8,11,16,19,23,24],"damage_taken":[{"damage":1,"enemies":"Cultist","floor":1,"turns":4},{"damage":1,"enemies":"Jaw Worm","floor":2,"turns":4},{"damage":0,"enemies":"2 Louse","floor":3,"turns":4},{"damage":1,"enemies":"Blue Slaver","floor":4,"turns":5},{"damage":22,"enemies":"3 Sentries","floor":7,"turns":8},{"damage":8,"enemies":"Red Slaver","floor":8,"turns":6},{"damage":0,"enemies":"Gremlin Nob","floor":11,"turns":3},{"damage":0,"enemies":"2 Fungi Beasts","floor":14,"turns":3},{"damage":21,"enemies":"Hexaghost","floor":16,"turns":8},{"damage":8,"enemies":"Chosen","floor":18,"turns":5},{"damage":0,"enemies":"3 Byrds","floor":19,"turns":3},{"damage":2,"enemies":"Snecko","floor":21,"turns":6},{"damage":52,"enemies":"Gremlin Leader","floor":23,"turns":7},{"damage":10,"enemies":"Colosseum Slavers","floor":24,"turns":5}],"seed_played":"6665483791711206763","potions_obtained":[{"floor":2,"key":"SteroidPotion"},{"floor":4,"key":"AttackPotion"},{"floor":7,"key":"Fruit Juice"},{"floor":8,"key":"LiquidBronze"},{"floor":17,"key":"PowerPotion"}],"is_trial":false,"path_per_floor":["M","M","M","M","$","R","E","M","T","R","E","$","R","M","R","B",null,"M","M","?","M","$","E","?"],"character_chosen":"THE_SILENT","items_purchased":["Regal Pillow","Poison Potion","Caltrops","Catalyst","GhostInAJar"],"campfire_rested":0,"item_purchase_floors":[5,12,12,22,22],"current_hp_per_floor":[65,64,64,63,63,63,41,38,38,38,38,38,38,38,38,17,68,60,60,60,58,58,6,0],"gold":56,"neow_bonus":"RANDOM_COMMON_RELIC","is_prod":false,"is_daily":false,"chose_seed":false,"campfire_upgraded":4,"win_rate":0,"timestamp":1558308189,"path_taken":["M","M","?","M","$","R","E","M","T","R","E","$","R","M","R","BOSS","M","M","?","M","$","E","?"],"build_version":"2019-01-23","purchased_purges":1,"victory":false,"max_hp_per_floor":[73,73,73,73,73,73,73,78,78,78,78,78,78,78,78,78,83,83,83,83,83,83,83,83],"card_choices":[{"not_picked":["Outmaneuver","Cloak And Dagger"],"picked":"Predator","floor":1},{"not_picked":["Prepared","Predator"],"picked":"Blur","floor":2},{"not_picked":["Blur","Escape Plan"],"picked":"Deadly Poison","floor":3},{"not_picked":["Reflex","Accuracy","Escape Plan"],"picked":"SKIP","floor":4},{"not_picked":["Eviscerate","Quick Slash","Masterful Stab"],"picked":"SKIP","floor":7},{"not_picked":["Riddle With Holes","Distraction"],"picked":"Backflip","floor":8},{"not_picked":["Slice","Expertise","Deflect"],"picked":"SKIP","floor":11},{"not_picked":["Finisher","Expertise"],"picked":"Bouncing Flask","floor":14},{"not_picked":["Phantasmal Killer","Grand Finale"],"picked":"A Thousand Cuts","floor":16},{"not_picked":["Heel Hook","Quick Slash"],"picked":"Dagger Spray","floor":18},{"not_picked":["Flying Knee","Skewer"],"picked":"Noxious Fumes","floor":19},{"not_picked":["Setup","Terror","Deadly Poison"],"picked":"SKIP","floor":21},{"not_picked":["Concentrate","Calculated Gamble","Masterful Stab"],"picked":"SKIP","floor":23}],"player_experience":1404629,"relics_obtained":[{"floor":7,"key":"MawBank"},{"floor":9,"key":"PreservedInsect"},{"floor":11,"key":"Anchor"},{"floor":23,"key":"Oddly Smooth Stone"}],"event_choices":[{"damage_healed":0,"gold_gain":0,"player_choice":"Simplicity","damage_taken":0,"max_hp_gain":0,"max_hp_loss":0,"event_name":"Back to Basics","floor":20,"gold_loss":0,"cards_upgraded":["Defend_G","Defend_G","Defend_G","Defend_G","Defend_G","Strike_G","Strike_G","Strike_G","Strike_G"]},{"damage_healed":0,"gold_gain":0,"player_choice":"Fight","damage_taken":0,"max_hp_gain":0,"max_hp_loss":0,"event_name":"Colosseum","floor":24,"gold_loss":0}],"is_beta":false,"boss_relics":[{"not_picked":["Eternal Feather","Calling Bell"],"picked":"Tiny House"}],"items_purged_floors":[12],"is_endless":false,"potions_floor_spawned":[2,4,7,8,14,18],"killed_by":"Colosseum Slavers","ascension_level":20}