{"gold_per_floor":[117,128,128,50,67,67,94,94,121,121,135,149,149,169,169,247,247,266,15,15,15,19,19,48,64,87,87],"floor_reached":27,"playtime":2205,"items_purged":[],"score":466,"play_id":"0992adcc-0888-45cc-8a32-5e32aab553a4","local_time":"20190519094958","is_ascension_mode":true,"campfire_choices":[{"data":"Poisoned Stab","floor":6,"key":"SMITH"},{"floor":10,"key":"REST"},{"data":"Bouncing Flask","floor":13,"key":"SMITH"},{"data":"Footwork","floor":15,"key":"SMITH"},{"floor":23,"key":"REST"}],"neow_cost":"NONE","seed_source_timestamp":374570298257590,"circlet_count":0,"master_deck":["AscendersBane","Defend_G","Defend_G","Defend_G","Defend_G","Defend_G","Strike_G","Strike_G","Strike_G","Survivor","Neutralize","Poisoned Stab+1","Cloak And Dagger","Footwork+1","Well Laid Plans","Bouncing Flask+1","After Image","Footwork","After Image","Acrobatics+1","Deflect","Writhe"],"relics":["Ring of the Snake","Regal Pillow","Centennial Puzzle","Cursed Key","Snake Skull","Dream Catcher"],"potions_floor_usage":[7,16,24,27,27],"damage_taken":[{"damage":2,"enemies":"2 Louse","floor":1,"turns":4},{"damage":0,"enemies":"Jaw Worm","floor":2,"turns":5},{"damage":0,"enemies":"Cultist","floor":5,"turns":4},{"damage":45,"enemies":"Gremlin Nob","floor":7,"turns":5},{"damage":5,"enemies":"3 Louse","floor":11,"turns":4},{"damage":7,"enemies":"Exordium Thugs","floor":12,"turns":5},{"damage":1,"enemies":"2 Fungi Beasts","floor":14,"turns":4},{"damage":9,"enemies":"The Guardian","floor":16,"turns":10},{"damage":0,"enemies":"Spheric Guardian","floor":18,"turns":4},{"damage":18,"enemies":"2 Thieves","floor":22,"turns":4},{"damage":17,"enemies":"Book of Stabbing","floor":24,"turns":5},{"damage":6,"enemies":"Shelled Parasite and Fungi","floor":25,"turns":6},{"damage":49,"enemies":"Gremlin Leader","floor":27,"turns":10}],"seed_played":"-761438434159996231","potions_obtained":[{"floor":1,"key":"Swift Potion"},{"floor":11,"key":"Weak Potion"},{"floor":12,"key":"Swift Potion"},{"floor":16,"key":"LiquidBronze"},{"floor":25,"key":"Strength Potion"}],"is_trial":false,"path_per_floor":["M","M","?","$","M","R","E","?","T","R","M","M","R","M","R","B",null,"M","$","?","T","M","R","E","M","T","E"],"character_chosen":"THE_SILENT","items_purchased":["Footwork","Snake Skull","Footwork"],"campfire_rested":2,"item_purchase_floors":[4,19,19],"current_hp_per_floor":[63,63,56,56,56,56,11,11,11,47,42,35,35,34,34,25,60,60,60,60,60,42,72,55,49,49,0],"gold":87,"neow_bonus":"TEN_PERCENT_HP_BONUS","is_prod":false,"is_daily":false,"chose_seed":false,"campfire_upgraded":3,"win_rate":0,"timestamp":1558255798,"path_taken":["M","M","?","$","M","R","E","?","T","R","M","?","R","M","R","BOSS","M","$","?","?","M","R","E","M","T","E"],"build_version":"2019-01-23","purchased_purges":0,"victory":false,"max_hp_per_floor":[72,72,72,72,72,72,72,72,72,72,72,72,72,72,72,72,72,72,72,72,72,72,72,72,72,72,72],"card_choices":[{"not_picked":["Calculated Gamble","Escape Plan"],"picked":"Poisoned Stab","floor":1},{"not_picked":["Sucker Punch","Acrobatics"],"picked":"Cloak And Dagger","floor":2},{"not_picked":["Slice","Backflip","Riddle With Holes"],"picked":"SKIP","floor":5},{"not_picked":["Tactician","Masterful Stab"],"picked":"Well Laid Plans","floor":7},{"not_picked":["Reflex","Cloak And Dagger","Backflip"],"picked":"SKIP","floor":11},{"not_picked":["Dodge and Roll","Endless Agony"],"picked":"Bouncing Flask","floor":12},{"not_picked":["Prepared","Outmaneuver","Bouncing Flask"],"picked":"SKIP","floor":14},{"not_picked":["Night Terror","Doppelganger"],"picked":"After Image","floor":16},{"not_picked":["Deflect","Acrobatics","Well Laid Plans"],"picked":"SKIP","floor":18},{"not_picked":["Dagger Throw","PiercingWail"],"picked":"After Image","floor":22},{"not_picked":["Calculated Gamble","Slice"],"picked":"Acrobatics+1","floor":24},{"not_picked":["Cloak And Dagger","Dagger Spray"],"picked":"Deflect","floor":25}],"player_experience":1381140,"relics_obtained":[{"floor":7,"key":"Regal Pillow"},{"floor":9,"key":"Centennial Puzzle"},{"floor":24,"key":"Dream Catcher"}],"event_choices":[{"cards_removed":["Strike_G"],"damage_healed":0,"gold_gain":0,"player_choice":"Card Removal","damage_taken":7,"max_hp_gain":0,"max_hp_loss":0,"event_name":"Golden Wing","floor":3,"gold_loss":0},{"cards_removed":["Strike_G"],"damage_healed":0,"gold_gain":0,"player_choice":"Offered Basic","damage_taken":0,"max_hp_gain":0,"max_hp_loss":0,"event_name":"Bonfire Elementals","floor":8,"gold_loss":0},{"damage_healed":0,"gold_gain":0,"player_choice":"Ignored","damage_taken":0,"max_hp_gain":0,"max_hp_loss":0,"event_name":"The Mausoleum","floor":20,"gold_loss":0}],"is_beta":false,"boss_relics":[{"not_picked":["Philosopher\u0027s Stone","Black Star"],"picked":"Cursed Key"}],"items_purged_floors":[],"is_endless":false,"potions_floor_spawned":[1,11,12,16,18,25],"killed_by":"Gremlin Leader","ascension_level":20}