{"gold_per_floor":[11,11,11,26,45,45,78,91,145,160,160,173,173,191,191,270,270],"floor_reached":17,"playtime":2437,"items_purged":[],"score":318,"play_id":"2e87400d-c025-4daf-bf24-add4c0878219","local_time":"20190906214206","is_ascension_mode":true,"campfire_choices":[{"data":"Dagger Spray","floor":6,"key":"SMITH"},{"data":"Neutralize","floor":11,"key":"SMITH"},{"floor":13,"key":"REST"},{"data":"Night Terror","floor":15,"key":"SMITH"}],"neow_cost":"NO_GOLD","seed_source_timestamp":1613954645958400,"circlet_count":0,"master_deck":["AscendersBane","Strike_G","Strike_G","Strike_G","Strike_G","Strike_G","Defend_G","Defend_G","Defend_G","Defend_G","Defend_G","Survivor","Neutralize+1","Dagger Spray+1","Deadly Poison","Night Terror+1","PiercingWail","Leg Sweep"],"relics":["Ring of the Snake","Pocketwatch","Paper Crane","Pen Nib","Eternal Feather"],"potions_floor_usage":[2,7],"damage_taken":[{"damage":3,"enemies":"Cultist","floor":1,"turns":4},{"damage":0,"enemies":"2 Louse","floor":4,"turns":2},{"damage":4,"enemies":"Jaw Worm","floor":5,"turns":5},{"damage":10,"enemies":"3 Sentries","floor":7,"turns":2},{"damage":18,"enemies":"Exordium Wildlife","floor":8,"turns":7},{"damage":0,"enemies":"2 Fungi Beasts","floor":10,"turns":3},{"damage":1,"enemies":"Exordium Thugs","floor":12,"turns":4},{"damage":0,"enemies":"Blue Slaver","floor":14,"turns":7},{"damage":20,"enemies":"Slime Boss","floor":16,"turns":7}],"seed_played":"5128002383793143323","potions_obtained":[{"floor":2,"key":"Fruit Juice"},{"floor":2,"key":"FairyPotion"},{"floor":4,"key":"Explosive Potion"},{"floor":7,"key":"Ancient Potion"},{"floor":10,"key":"GhostInAJar"}],"is_trial":false,"path_per_floor":["M","?","$","M","M","R","E","M","T","M","R","M","R","M","R","B",null],"character_chosen":"THE_SILENT","items_purchased":[],"campfire_rested":1,"item_purchase_floors":[],"current_hp_per_floor":[56,61,61,61,57,57,47,29,29,29,29,28,49,49,49,29,61],"gold":270,"neow_bonus":"ONE_RARE_RELIC","is_prod":false,"is_daily":false,"chose_seed":false,"campfire_upgraded":3,"win_rate":0,"timestamp":1567802526,"path_taken":["M","?","?","M","M","R","E","M","T","M","R","M","R","M","R","BOSS"],"build_version":"2019-07-17","purchased_purges":0,"victory":false,"max_hp_per_floor":[66,71,71,71,71,71,71,71,71,71,71,71,71,71,71,71,71],"card_choices":[{"not_picked":["Prepared","Slice"],"picked":"Dagger Spray","floor":1},{"not_picked":["Dagger Spray","Flechettes"],"picked":"Deadly Poison","floor":4},{"not_picked":["Cloak And Dagger","Deadly Poison"],"picked":"Night Terror","floor":5},{"not_picked":["Heel Hook","Blur"],"picked":"PiercingWail","floor":7},{"not_picked":["Flechettes","Flying Knee","Sucker Punch"],"picked":"SKIP","floor":8},{"not_picked":["Acrobatics","Deadly Poison"],"picked":"Leg Sweep","floor":10},{"not_picked":["Flying Knee","Sucker Punch","Underhanded Strike"],"picked":"SKIP","floor":12},{"not_picked":["Deadly Poison","Slice","Prepared"],"picked":"SKIP","floor":14}],"player_experience":1634851,"relics_obtained":[{"floor":7,"key":"Paper Crane"},{"floor":9,"key":"Pen Nib"}],"event_choices":[{"damage_healed":0,"gold_gain":0,"player_choice":"Got Potions","damage_taken":0,"max_hp_gain":0,"max_hp_loss":0,"event_name":"Lab","floor":2,"gold_loss":0}],"is_beta":false,"boss_relics":[{"not_picked":["Runic Pyramid","Coffee Dripper"],"picked":"Eternal Feather"}],"items_purged_floors":[],"is_endless":false,"potions_floor_spawned":[4,7,10,16],"ascension_level":20}