{"gold_per_floor":[114,114,129,139,153,153,178,178,178,198,198,198,226,246,246,317,317,336,386,396,396,410,410,438,438,464,464,464,57,85,102,102,102],"floor_reached":33,"playtime":1561,"items_purged":[],"score":690,"play_id":"ca78836b-866b-4dd4-8ef8-0052c62145c3","local_time":"20200204225936","is_ascension_mode":true,"campfire_choices":[{"data":"Glass Knife","floor":6.0,"key":"SMITH"},{"data":"All Out Attack","floor":8.0,"key":"SMITH"},{"data":"Cloak And Dagger","floor":11.0,"key":"SMITH"},{"data":"Dagger Spray","floor":15.0,"key":"SMITH"},{"data":"A Thousand Cuts","floor":23.0,"key":"SMITH"},{"data":"Backstab","floor":25.0,"key":"SMITH"},{"floor":27.0,"key":"RECALL"},{"data":"Caltrops","floor":32,"key":"SMITH"}],"neow_cost":"NONE","seed_source_timestamp":1798707791988100,"circlet_count":0,"master_deck":["AscendersBane","Strike_G+1","Strike_G+1","Strike_G+1","Strike_G+1","Strike_G+1","Defend_G+1","Defend_G+1","Defend_G+1","Defend_G+1","Defend_G+1","Survivor","Neutralize","Sucker Punch+1","All Out Attack+1","Glass Knife+1","Cloak And Dagger+1","Dagger Spray+1","A Thousand Cuts+1","Dodge and Roll","Backstab+1","Caltrops+1","Backstab","Dodge and Roll+1","Cloak And Dagger+1"],"special_seed":0,"relics":["Ring of the Snake","Anchor","Orichalcum","WarpedTongs","White Beast Statue","Coffee Dripper","Centennial Puzzle","Snake Skull","Meat on the Bone","Toxic Egg 2"],"potions_floor_usage":[30,33,33],"damage_taken":[{"damage":10.0,"enemies":"Small Slimes","floor":1.0,"turns":5.0},{"damage":0.0,"enemies":"Cultist","floor":3.0,"turns":4.0},{"damage":0.0,"enemies":"2 Louse","floor":4.0,"turns":3.0},{"damage":0.0,"enemies":"Red Slaver","floor":5.0,"turns":3.0},{"damage":12.0,"enemies":"3 Sentries","floor":7.0,"turns":5.0},{"damage":0.0,"enemies":"Large Slime","floor":10.0,"turns":3.0},{"damage":0.0,"enemies":"Gremlin Nob","floor":13.0,"turns":2.0},{"damage":1.0,"enemies":"Blue Slaver","floor":14.0,"turns":2.0},{"damage":13.0,"enemies":"Slime Boss","floor":16.0,"turns":6.0},{"damage":1.0,"enemies":"Spheric Guardian","floor":18.0,"turns":3.0},{"damage":5.0,"enemies":"3 Byrds","floor":20.0,"turns":3.0},{"damage":0.0,"enemies":"Centurion and Healer","floor":22.0,"turns":6.0},{"damage":21.0,"enemies":"Book of Stabbing","floor":24.0,"turns":6.0},{"damage":0,"enemies":"Gremlin Leader","floor":30,"turns":4},{"damage":1,"enemies":"Chosen and Byrds","floor":31,"turns":4},{"damage":52,"enemies":"Collector","floor":33,"turns":6}],"seed_played":"3379912036649023866","potions_obtained":[{"floor":0.0,"key":"SteroidPotion"},{"floor":0.0,"key":"CultistPotion"},{"floor":13.0,"key":"Explosive Potion"},{"floor":16.0,"key":"FairyPotion"},{"floor":18.0,"key":"SpeedPotion"},{"floor":20.0,"key":"EntropicBrew"},{"floor":24.0,"key":"Weak Potion"},{"floor":30,"key":"Weak Potion"},{"floor":31,"key":"Poison Potion"}],"is_trial":false,"path_per_floor":["M","?","M","M","M","R","E","R","T","M","R","?","E","M","R","B",null,"M","?","M","?","M","R","E","R","T","R","?","$","E","M","R","B"],"character_chosen":"THE_SILENT","items_purchased":["Meat on the Bone","Caltrops","Backstab"],"campfire_rested":0,"item_purchase_floors":[29,29,29],"current_hp_per_floor":[49,49,49,49,49,49,37,37,37,37,37,37,37,36,36,23,55,54,54,49,49,49,49,28,28,28,28,28,28,40,39,39,0],"gold":102,"neow_bonus":"THREE_SMALL_POTIONS","is_prod":false,"is_daily":false,"chose_seed":false,"campfire_upgraded":7,"win_rate":0,"timestamp":1580857176,"path_taken":["M","?","M","M","M","R","E","R","T","M","R","?","E","?","R","BOSS","M","?","M","?","M","R","E","R","T","R","?","$","E","M","R","BOSS"],"build_version":"2020-01-27","purchased_purges":0,"victory":false,"max_hp_per_floor":[66,66,66,66,66,66,66,66,66,66,66,66,66,66,66,66,66,66,66,66,66,66,66,66,66,66,66,66,66,66,66,66,66],"card_choices":[{"not_picked":["Bane","Expertise","Sucker Punch"],"picked":"SKIP","floor":1.0},{"not_picked":["Bane","Expertise"],"picked":"Sucker Punch","floor":1.0},{"not_picked":["Prepared","Setup"],"picked":"All Out Attack","floor":3.0},{"not_picked":["Dagger Spray","Sucker Punch"],"picked":"Glass Knife","floor":4.0},{"not_picked":["Calculated Gamble","Sucker Punch","Backflip"],"picked":"SKIP","floor":5.0},{"not_picked":["Prepared","Underhanded Strike","Deflect"],"picked":"SKIP","floor":7.0},{"not_picked":["Tactician","Acrobatics"],"picked":"Cloak And Dagger","floor":10.0},{"not_picked":["Flechettes","Setup"],"picked":"Dagger Spray","floor":13.0},{"not_picked":["Sucker Punch","Terror","Flying Knee"],"picked":"SKIP","floor":14.0},{"not_picked":["Unload","Grand Finale"],"picked":"A Thousand Cuts","floor":16.0},{"not_picked":["Deflect","Finisher","Slice"],"picked":"SKIP","floor":18.0},{"not_picked":["Slice","Grand Finale","Predator"],"picked":"SKIP","floor":20.0},{"not_picked":["Heel Hook","Skewer"],"picked":"Dodge and Roll","floor":22.0},{"not_picked":["Outmaneuver","Cloak And Dagger"],"picked":"Backstab","floor":24.0},{"not_picked":["Eviscerate","Unload"],"picked":"Dodge and Roll+1","floor":30},{"not_picked":["Deflect+1","PiercingWail+1"],"picked":"Cloak And Dagger+1","floor":31}],"player_experience":2172674,"relics_obtained":[{"floor":7.0,"key":"Anchor"},{"floor":9.0,"key":"Orichalcum"},{"floor":13.0,"key":"White Beast Statue"},{"floor":24.0,"key":"Centennial Puzzle"},{"floor":26.0,"key":"Snake Skull"},{"floor":30,"key":"Toxic Egg 2"}],"event_choices":[{"damage_healed":0.0,"max_hp_gain":0.0,"max_hp_loss":0.0,"gold_gain":0.0,"event_name":"Living Wall","player_choice":"Grow","floor":2.0,"gold_loss":0.0,"damage_taken":0.0,"cards_upgraded":["Sucker Punch"]},{"damage_healed":0.0,"max_hp_gain":0.0,"max_hp_loss":0.0,"gold_gain":0.0,"event_name":"Accursed Blacksmith","player_choice":"Rummage","floor":12.0,"gold_loss":0.0,"damage_taken":0.0,"relics_obtained":["WarpedTongs"],"cards_obtained":["Pain"]},{"damage_healed":0.0,"max_hp_gain":0.0,"max_hp_loss":0.0,"gold_gain":50.0,"event_name":"Nest","player_choice":"Stole From Cult","floor":19.0,"gold_loss":0.0,"damage_taken":0.0},{"damage_healed":0.0,"max_hp_gain":0.0,"max_hp_loss":0.0,"gold_gain":0.0,"event_name":"Back to Basics","player_choice":"Simplicity","floor":21.0,"gold_loss":0.0,"damage_taken":0.0,"cards_upgraded":["Strike_G","Strike_G","Strike_G","Strike_G","Strike_G","Defend_G","Defend_G","Defend_G","Defend_G","Defend_G"]},{"cards_removed":["Pain"],"damage_healed":0.0,"max_hp_gain":0.0,"max_hp_loss":0.0,"gold_gain":0.0,"event_name":"Fountain of Cleansing","player_choice":"Removed Curses","floor":28.0,"gold_loss":0.0,"damage_taken":0.0}],"is_beta":true,"boss_relics":[{"not_picked":["Tiny House","HoveringKite"],"picked":"Coffee Dripper"}],"items_purged_floors":[],"is_endless":false,"potions_floor_spawned":[4,10,13,14,16,18,20,22,24,30,31],"killed_by":"Collector","ascension_level":20}