{"gold_per_floor":[210,227,241,241,241,241,266,266,266,266,276,59,73,99,99,178,178,195,8,26,26,26,26,51,51,51,51,101,126,126,152,152,223,223],"floor_reached":34,"playtime":2250,"items_purged":[],"score":828,"play_id":"3a4292d2-a282-49a4-bcaa-c53843c8cf92","local_time":"20200203223928","is_ascension_mode":true,"campfire_choices":[{"data":"Dagger Throw","floor":6.0,"key":"SMITH"},{"data":"Neutralize","floor":8.0,"key":"SMITH"},{"data":"Apotheosis","floor":15,"key":"SMITH"},{"floor":23,"key":"REST"},{"data":"Backstab","floor":25,"key":"SMITH"},{"floor":27,"key":"REST"},{"floor":30,"key":"REST"},{"floor":32,"key":"REST"}],"neow_cost":"NONE","seed_source_timestamp":1710401635209800,"circlet_count":0,"master_deck":["AscendersBane","Survivor","Neutralize+1","Dagger Throw+1","Backstab+1","PiercingWail","Apotheosis+1","Dagger Spray","Deflect","Dagger Throw+1","Well Laid Plans","Burst","Blur","Slice","Skewer","Backstab","Underhanded Strike","Envenom","Storm of Steel","Glass Knife","Quick Slash"],"special_seed":0,"relics":["Ring of the Snake","StrikeDummy","Sundial","Paper Crane","Matryoshka","HoveringKite","Bag of Marbles","Enchiridion","Whetstone","Snake Skull","The Courier","Happy Flower","Mercury Hourglass","Pandora\u0027s Box"],"potions_floor_usage":[16,31,33],"damage_taken":[{"damage":10.0,"enemies":"Cultist","floor":1.0,"turns":5.0},{"damage":1.0,"enemies":"Jaw Worm","floor":2.0,"turns":5.0},{"damage":4.0,"enemies":"2 Louse","floor":3.0,"turns":4.0},{"damage":21.0,"enemies":"Lagavulin","floor":7.0,"turns":7.0},{"damage":0.0,"enemies":"Exordium Thugs","floor":11.0,"turns":3.0},{"damage":2,"enemies":"Large Slime","floor":13,"turns":8},{"damage":4,"enemies":"Gremlin Nob","floor":14,"turns":3},{"damage":15,"enemies":"Slime Boss","floor":16,"turns":8},{"damage":9,"enemies":"2 Thieves","floor":18,"turns":4},{"damage":9,"enemies":"Spheric Guardian","floor":20,"turns":4},{"damage":10,"enemies":"Gremlin Leader","floor":24,"turns":6},{"damage":9,"enemies":"Slavers","floor":29,"turns":5},{"damage":24,"enemies":"Book of Stabbing","floor":31,"turns":9},{"damage":34,"enemies":"Champ","floor":33,"turns":26}],"seed_played":"1544195646588528225","potions_obtained":[{"floor":1.0,"key":"ColorlessPotion"},{"floor":10.0,"key":"GhostInAJar"},{"floor":10.0,"key":"Poison Potion"},{"floor":11.0,"key":"FearPotion"},{"floor":18,"key":"DistilledChaos"},{"floor":24,"key":"Block Potion"}],"is_trial":false,"path_per_floor":["M","M","M","T","T","R","E","R","T","?","M","$","M","E","R","B",null,"M","$","M","?","?","R","E","R","T","R","?","E","R","E","R","B",null],"character_chosen":"THE_SILENT","items_purchased":["Apotheosis","Dagger Throw","Bag of Marbles"],"campfire_rested":4,"item_purchase_floors":[12,19,19],"current_hp_per_floor":[49,48,44,44,44,44,23,23,23,23,23,23,21,17,17,2,50,41,41,32,11,11,30,20,20,20,39,39,30,49,25,44,10,52],"gold":223,"neow_bonus":"HUNDRED_GOLD","is_prod":false,"is_daily":false,"chose_seed":false,"campfire_upgraded":4,"win_rate":0,"timestamp":1580769568,"path_taken":["M","M","M","?","?","R","E","R","T","?","?","$","M","E","R","BOSS","M","$","M","?","?","R","E","R","T","R","?","E","R","E","R","BOSS"],"build_version":"2020-01-27","purchased_purges":0,"victory":false,"max_hp_per_floor":[66,66,66,66,66,66,66,66,66,66,66,66,66,66,66,66,66,66,66,66,66,66,66,66,66,66,66,66,66,66,66,66,66,66],"card_choices":[{"not_picked":["Cloak And Dagger","Quick Slash"],"picked":"Dagger Throw","floor":1.0},{"not_picked":["Bane","Calculated Gamble","Outmaneuver"],"picked":"SKIP","floor":2.0},{"not_picked":["Acrobatics","Well Laid Plans"],"picked":"Backstab","floor":3.0},{"not_picked":["Underhanded Strike","Backflip"],"picked":"PiercingWail","floor":7.0},{"not_picked":["Prepared","Bane","Expertise"],"picked":"SKIP","floor":11.0},{"not_picked":["Riddle With Holes","Flying Knee"],"picked":"Dagger Spray","floor":13},{"not_picked":["All Out Attack","Choke"],"picked":"Deflect","floor":14},{"not_picked":["Infinite Blades","Deadly Poison","Bane"],"picked":"SKIP","floor":18},{"not_picked":["Blade Dance","Accuracy","Calculated Gamble"],"picked":"SKIP","floor":20},{"not_picked":["Setup","Deadly Poison","Escape Plan"],"picked":"SKIP","floor":24},{"not_picked":["Finisher","Acrobatics"],"picked":"Well Laid Plans","floor":29},{"not_picked":["Dagger Spray","Skewer","Quick Slash"],"picked":"SKIP","floor":31}],"player_experience":2158355,"relics_obtained":[{"floor":4.0,"key":"StrikeDummy"},{"floor":5.0,"key":"Sundial"},{"floor":7.0,"key":"Paper Crane"},{"floor":14,"key":"Matryoshka"},{"floor":21,"key":"Enchiridion"},{"floor":24,"key":"Whetstone"},{"floor":26,"key":"Snake Skull"},{"floor":26,"key":"The Courier"},{"floor":29,"key":"Happy Flower"},{"floor":31,"key":"Mercury Hourglass"}],"event_choices":[{"damage_healed":0.0,"max_hp_gain":0.0,"max_hp_loss":0.0,"gold_gain":0.0,"event_name":"Lab","player_choice":"Got Potions","floor":10.0,"gold_loss":0.0,"damage_taken":0.0},{"damage_healed":0,"gold_gain":0,"player_choice":"Obtained Book","damage_taken":21,"max_hp_gain":0,"max_hp_loss":0,"event_name":"Cursed Tome","floor":21,"gold_loss":0},{"damage_healed":0,"gold_gain":0,"player_choice":"Ignored","damage_taken":0,"max_hp_gain":0,"max_hp_loss":0,"event_name":"Vampires","floor":22,"gold_loss":0},{"damage_healed":0,"gold_gain":50,"player_choice":"Stole From Cult","damage_taken":0,"max_hp_gain":0,"max_hp_loss":0,"event_name":"Nest","floor":28,"gold_loss":0}],"is_beta":true,"boss_relics":[{"not_picked":["Empty Cage","Calling Bell"],"picked":"HoveringKite"},{"not_picked":["Velvet Choker","Ring of the Serpent"],"picked":"Pandora\u0027s Box"}],"items_purged_floors":[],"is_endless":false,"potions_floor_spawned":[1,11,13,18,24],"ascension_level":20}