{"gold_per_floor":[19,19,33,53,53,53,53,53,79,99,123,166,166,187,187,187],"floor_reached":16,"playtime":720,"items_purged":[],"score":200,"play_id":"3b8ebf90-41a5-4b64-a1fd-6774fe075720","local_time":"20200203225803","is_ascension_mode":true,"campfire_choices":[{"data":"Riddle With Holes","floor":6,"key":"SMITH"},{"data":"Riddle With Holes","floor":13,"key":"SMITH"},{"data":"Dash","floor":15,"key":"SMITH"}],"neow_cost":"NO_GOLD","seed_source_timestamp":1713097136659500,"circlet_count":0,"master_deck":["AscendersBane","Strike_G","Strike_G","Strike_G","Strike_G","Strike_G","Defend_G","Defend_G","Defend_G","Defend_G","Defend_G","Survivor","Neutralize","Leg Sweep","Riddle With Holes+1","Backstab","Dash+1","Riddle With Holes+1"],"relics":["Ring of the Snake","FossilizedHelix","Golden Idol","Meat on the Bone","Ancient Tea Set","Toy Ornithopter","Vajra"],"potions_floor_usage":[16,16],"damage_taken":[{"damage":0,"enemies":"Small Slimes","floor":1,"turns":3},{"damage":0,"enemies":"2 Louse","floor":3,"turns":4},{"damage":0,"enemies":"Cultist","floor":4,"turns":4},{"damage":0,"enemies":"Large Slime","floor":10,"turns":6},{"damage":11,"enemies":"Gremlin Nob","floor":12,"turns":5},{"damage":0,"enemies":"Exordium Thugs","floor":14,"turns":3},{"damage":56,"enemies":"Hexaghost","floor":16,"turns":11}],"seed_played":"6312539606248266107","potions_obtained":[{"floor":3,"key":"Weak Potion"},{"floor":10,"key":"Poison Potion"}],"is_trial":false,"path_per_floor":["M","?","M","M","?","R","?","$","T","M","T","E","R","M","R","B"],"character_chosen":"THE_SILENT","items_purchased":[],"campfire_rested":0,"item_purchase_floors":[],"current_hp_per_floor":[59,59,59,59,64,64,29,29,29,41,41,42,42,42,42,0],"gold":187,"neow_bonus":"ONE_RARE_RELIC","is_prod":false,"is_daily":false,"chose_seed":false,"campfire_upgraded":3,"win_rate":0,"timestamp":1580770683,"path_taken":["M","?","M","M","?","R","?","$","T","M","?","E","R","M","R","BOSS"],"build_version":"2020-01-27","purchased_purges":0,"victory":false,"max_hp_per_floor":[66,60,60,60,65,65,65,65,65,65,65,65,65,65,65,65],"card_choices":[{"not_picked":["Bane","Flechettes"],"picked":"Leg Sweep","floor":1},{"not_picked":["Reflex","Slice"],"picked":"Riddle With Holes","floor":3},{"not_picked":["Outmaneuver","All Out Attack"],"picked":"Backstab","floor":4},{"not_picked":["Acrobatics","Quick Slash"],"picked":"Dash","floor":10},{"not_picked":["Acrobatics","Dodge and Roll"],"picked":"Riddle With Holes","floor":12},{"not_picked":["Underhanded Strike","Dagger Throw","Distraction"],"picked":"SKIP","floor":14}],"player_experience":2160605,"relics_obtained":[{"floor":9,"key":"Ancient Tea Set"},{"floor":11,"key":"Toy Ornithopter"},{"floor":12,"key":"Vajra"}],"event_choices":[{"damage_healed":0,"gold_gain":0,"player_choice":"Lose Max HP","damage_taken":0,"relics_obtained":["Golden Idol"],"max_hp_gain":0,"max_hp_loss":6,"event_name":"Golden Idol","floor":2,"gold_loss":0},{"damage_healed":0,"gold_gain":0,"player_choice":"Donut","damage_taken":0,"max_hp_gain":5,"max_hp_loss":0,"event_name":"Big Fish","floor":5,"gold_loss":0},{"damage_healed":0,"gold_gain":0,"player_choice":"Success","damage_taken":35,"relics_obtained":["Meat on the Bone"],"max_hp_gain":0,"max_hp_loss":0,"event_name":"Scrap Ooze","floor":7,"gold_loss":0}],"is_beta":true,"boss_relics":[],"items_purged_floors":[],"is_endless":false,"potions_floor_spawned":[3,10],"killed_by":"Hexaghost","ascension_level":20}