{"gold_per_floor":[110,110,110,127,146,146,172,172,172,172,204,3,23,41,41,118,118,130,143,154,60,79,79,93,143,143,143,172,172,184,199,199,199],"floor_reached":33,"playtime":1959,"items_purged":["Strike_G"],"score":558,"play_id":"e6382082-cf58-4d54-b1c8-5b15972f0667","local_time":"20200201220952","is_ascension_mode":true,"campfire_choices":[{"data":"Skewer","floor":6,"key":"SMITH"},{"data":"Dagger Spray","floor":8,"key":"SMITH"},{"data":"Noxious Fumes","floor":10,"key":"SMITH"},{"data":"Neutralize","floor":15,"key":"SMITH"},{"floor":23,"key":"REST"},{"floor":27,"key":"REST"},{"floor":29,"key":"REST"},{"floor":32,"key":"REST"}],"neow_cost":"NONE","seed_source_timestamp":1536164467581100,"circlet_count":0,"master_deck":["AscendersBane","Strike_G","Strike_G","Strike_G","Defend_G","Defend_G","Defend_G","Defend_G","Defend_G","Survivor","Neutralize+1","Noxious Fumes+1","Skewer+1","Dagger Throw","Dagger Spray+1","PiercingWail","Well Laid Plans","Adrenaline","Wraith Form v2","Leg Sweep+1","Outmaneuver+1","Poisoned Stab","PiercingWail","Catalyst","Die Die Die","Deadly Poison+1"],"relics":["Ring of the Snake","InkBottle","Strawberry","Bronze Scales","Membership Card","Black Star","Bottled Lightning","Toxic Egg 2","MealTicket"],"potions_floor_usage":[7,24,28,30,33],"damage_taken":[{"damage":1,"enemies":"Cultist","floor":1,"turns":4},{"damage":0,"enemies":"2 Louse","floor":4,"turns":4},{"damage":1,"enemies":"Small Slimes","floor":5,"turns":5},{"damage":28,"enemies":"Gremlin Nob","floor":7,"turns":4},{"damage":12,"enemies":"Lagavulin","floor":11,"turns":6},{"damage":0,"enemies":"2 Fungi Beasts","floor":13,"turns":3},{"damage":1,"enemies":"Exordium Wildlife","floor":14,"turns":3},{"damage":16,"enemies":"Hexaghost","floor":16,"turns":9},{"damage":31,"enemies":"2 Thieves","floor":18,"turns":4},{"damage":12,"enemies":"Shell Parasite","floor":19,"turns":7},{"damage":14,"enemies":"Snake Plant","floor":20,"turns":5},{"damage":0,"enemies":"Centurion and Healer","floor":22,"turns":7},{"damage":14,"enemies":"Sentry and Sphere","floor":24,"turns":7},{"damage":27,"enemies":"Slavers","floor":28,"turns":6},{"damage":19,"enemies":"Cultist and Chosen","floor":30,"turns":5},{"damage":13,"enemies":"Snecko","floor":31,"turns":5},{"damage":33,"enemies":"Collector","floor":33,"turns":6}],"seed_played":"-7625041142989834683","potions_obtained":[{"floor":1,"key":"AttackPotion"},{"floor":5,"key":"AttackPotion"},{"floor":11,"key":"Explosive Potion"},{"floor":28,"key":"Fire Potion"},{"floor":30,"key":"DuplicationPotion"}],"is_trial":false,"path_per_floor":["M","?","?","M","M","R","E","R","T","R","E","$","M","M","R","B",null,"M","M","M","$","M","R","M","?","T","R","E","R","M","M","R","B"],"character_chosen":"THE_SILENT","items_purchased":["Membership Card","Well Laid Plans","Poisoned Stab","PiercingWail"],"campfire_rested":4,"item_purchase_floors":[12,12,21,21],"current_hp_per_floor":[64,64,64,64,63,63,35,35,42,42,30,30,30,29,29,13,63,32,20,6,6,6,29,15,15,15,38,11,34,15,2,25,0],"gold":199,"neow_bonus":"TEN_PERCENT_HP_BONUS","is_prod":false,"is_daily":false,"chose_seed":false,"campfire_upgraded":4,"win_rate":0,"timestamp":1580594992,"path_taken":["M","?","?","M","M","R","E","R","T","R","E","$","?","M","R","BOSS","M","M","M","$","M","R","M","?","T","R","E","R","M","M","R","BOSS"],"build_version":"2020-01-27","purchased_purges":1,"victory":false,"max_hp_per_floor":[72,72,72,72,72,72,72,72,79,79,79,79,79,79,79,79,79,79,79,79,79,79,79,79,79,79,79,79,79,79,79,79,79],"card_choices":[{"not_picked":["Underhanded Strike","Acrobatics"],"picked":"Noxious Fumes","floor":1},{"not_picked":["Concentrate","All Out Attack"],"picked":"Skewer","floor":4},{"not_picked":["Infinite Blades","Escape Plan"],"picked":"Dagger Throw","floor":5},{"not_picked":["Noxious Fumes","Flying Knee"],"picked":"Dagger Spray","floor":7},{"not_picked":["Deadly Poison","Distraction"],"picked":"PiercingWail","floor":11},{"not_picked":["Infinite Blades","Acrobatics","Flying Knee"],"picked":"SKIP","floor":13},{"not_picked":["Crippling Poison","Prepared"],"picked":"Adrenaline","floor":14},{"not_picked":["Corpse Explosion","Malaise"],"picked":"Wraith Form v2","floor":16},{"not_picked":["Underhanded Strike+1","Flying Knee","Tactician"],"picked":"SKIP","floor":18},{"not_picked":["Noxious Fumes","Cloak And Dagger"],"picked":"Leg Sweep+1","floor":19},{"not_picked":["Prepared+1","Expertise"],"picked":"Outmaneuver+1","floor":20},{"not_picked":["Blur+1","All Out Attack"],"picked":"Catalyst","floor":22},{"not_picked":["All Out Attack","Poisoned Stab"],"picked":"Die Die Die","floor":24},{"not_picked":["Sucker Punch+1","Backflip+1"],"picked":"Deadly Poison+1","floor":28},{"not_picked":["Slice","Bane","Riddle With Holes"],"picked":"SKIP","floor":30},{"not_picked":["Slice","Phantasmal Killer+1","Dagger Spray"],"picked":"SKIP","floor":31}],"player_experience":2133071,"relics_obtained":[{"floor":7,"key":"InkBottle"},{"floor":9,"key":"Strawberry"},{"floor":11,"key":"Bronze Scales"},{"floor":26,"key":"Bottled Lightning"},{"floor":28,"key":"Toxic Egg 2"},{"floor":28,"key":"MealTicket"}],"event_choices":[{"damage_healed":0,"gold_gain":0,"player_choice":"Leave","damage_taken":0,"max_hp_gain":0,"max_hp_loss":0,"event_name":"The Cleric","floor":2,"gold_loss":0},{"cards_removed":["Strike_G"],"damage_healed":0,"gold_gain":0,"player_choice":"Card Removal","damage_taken":0,"max_hp_gain":0,"max_hp_loss":0,"event_name":"Wheel of Change","floor":3,"gold_loss":0},{"damage_healed":0,"gold_gain":50,"player_choice":"Stole From Cult","damage_taken":0,"max_hp_gain":0,"max_hp_loss":0,"event_name":"Nest","floor":25,"gold_loss":0}],"is_beta":true,"boss_relics":[{"not_picked":["Runic Dome","Ring of the Serpent"],"picked":"Black Star"}],"items_purged_floors":[21],"is_endless":false,"potions_floor_spawned":[1,5,11,14,19,28,30],"killed_by":"Collector","ascension_level":20}