{"gold_per_floor":[114,114,114,133,145,145,177,177,177,206,230,242,284,8,8,80,80,95,95,95,20,20,20,31,31,31,31,50,50,50,50],"floor_reached":31,"playtime":4404,"items_purged":["Writhe"],"score":502,"play_id":"a643cc6c-50d9-414f-925f-409d47a1eaa3","local_time":"20200204201716","is_ascension_mode":true,"campfire_choices":[{"data":"Dash","floor":6.0,"key":"SMITH"},{"floor":8.0,"key":"REST"},{"floor":12.0,"key":"REST"},{"data":"Noxious Fumes","floor":15.0,"key":"SMITH"},{"data":"Neutralize","floor":23.0,"key":"SMITH"},{"floor":27.0,"key":"REST"},{"data":"Dash","floor":30.0,"key":"SMITH"}],"neow_cost":"NONE","seed_source_timestamp":1786097112755200,"circlet_count":0,"master_deck":["AscendersBane","Strike_G","Strike_G+1","Strike_G","Defend_G","Defend_G","Defend_G","Defend_G+1","Defend_G","Survivor","Neutralize+1","Deadly Poison+1","Dash+1","Dagger Spray","Noxious Fumes+1","Die Die Die","Quick Slash+1","Underhanded Strike","Dash+1","Well Laid Plans"],"special_seed":0,"relics":["Ring of the Snake","WingedGreaves","MawBank","Snake Skull","Eternal Feather","SlaversCollar","StrikeDummy","Mercury Hourglass"],"potions_floor_usage":[31],"damage_taken":[{"damage":0.0,"enemies":"Jaw Worm","floor":1.0,"turns":7.0},{"damage":1.0,"enemies":"Small Slimes","floor":4.0,"turns":4.0},{"damage":0.0,"enemies":"2 Louse","floor":5.0,"turns":2.0},{"damage":17.0,"enemies":"3 Sentries","floor":7.0,"turns":7.0},{"damage":34.0,"enemies":"Gremlin Nob","floor":10.0,"turns":5.0},{"damage":1.0,"enemies":"Red Slaver","floor":11.0,"turns":4.0},{"damage":10.0,"enemies":"Lagavulin","floor":13.0,"turns":6.0},{"damage":20.0,"enemies":"Hexaghost","floor":16.0,"turns":9.0},{"damage":18.0,"enemies":"3 Byrds","floor":18.0,"turns":4.0},{"damage":15.0,"enemies":"Shell Parasite","floor":24.0,"turns":7.0},{"damage":0.0,"enemies":"Centurion and Healer","floor":25.0,"turns":3.0},{"damage":28.0,"enemies":"Shelled Parasite and Fungi","floor":28.0,"turns":10.0},{"damage":23,"enemies":"Book of Stabbing","floor":31,"turns":4}],"seed_played":"3935875847260888780","potions_obtained":[{"floor":0.0,"key":"SteroidPotion"},{"floor":0.0,"key":"DuplicationPotion"},{"floor":4.0,"key":"CunningPotion"},{"floor":11.0,"key":"Poison Potion"},{"floor":13.0,"key":"GamblersBrew"},{"floor":16.0,"key":"SmokeBomb"},{"floor":28.0,"key":"AttackPotion"}],"is_trial":false,"path_per_floor":["M","?","?","M","M","R","E","R","T","E","M","R","E","$","R","B",null,"M","?","?","$","?","R","M","M","T","R","M","$","R","E"],"character_chosen":"THE_SILENT","items_purchased":["Eternal Feather"],"campfire_rested":3,"item_purchase_floors":[14],"current_hp_per_floor":[59,59,39,38,38,38,21,40,40,6,5,24,14,14,23,3,50,32,32,32,32,14,23,8,8,8,38,10,10,22,0],"gold":50,"neow_bonus":"THREE_SMALL_POTIONS","is_prod":false,"is_daily":false,"chose_seed":false,"campfire_upgraded":4,"win_rate":0,"timestamp":1580847436,"path_taken":["M","?","?","M","M","R","E","R","T","E","M","R","E","$","R","BOSS","M","?","?","$","?","R","M","M","T","R","M","?","R","E"],"build_version":"2020-01-27","purchased_purges":1,"victory":false,"max_hp_per_floor":[66,66,66,66,66,66,66,66,66,66,66,66,66,66,66,66,66,66,66,66,66,71,71,71,71,71,71,71,71,71,71],"card_choices":[{"not_picked":["Underhanded Strike","Catalyst"],"picked":"Deadly Poison","floor":1.0},{"not_picked":["Outmaneuver","Reflex","Underhanded Strike"],"picked":"SKIP","floor":4.0},{"not_picked":["Noxious Fumes","Calculated Gamble"],"picked":"Dash","floor":5.0},{"not_picked":["Cloak And Dagger","Blade Dance","Bane"],"picked":"SKIP","floor":7.0},{"not_picked":["Storm of Steel","Slice"],"picked":"Dagger Spray","floor":10.0},{"not_picked":["Dagger Spray","Dagger Throw"],"picked":"Noxious Fumes","floor":11.0},{"not_picked":["Night Terror","Bane","Setup"],"picked":"SKIP","floor":13.0},{"not_picked":["Envenom","Adrenaline"],"picked":"Die Die Die","floor":16.0},{"not_picked":["Acrobatics","Prepared+1"],"picked":"Quick Slash+1","floor":18.0},{"not_picked":["Bane","Blade Dance+1","Endless Agony+1"],"picked":"SKIP","floor":24.0},{"not_picked":["Flying Knee","Blade Dance+1"],"picked":"Well Laid Plans","floor":28.0}],"player_experience":2162528,"relics_obtained":[{"floor":7.0,"key":"WingedGreaves"},{"floor":10.0,"key":"MawBank"},{"floor":13.0,"key":"Snake Skull"},{"floor":26.0,"key":"Mercury Hourglass"}],"event_choices":[{"damage_healed":0.0,"max_hp_gain":0.0,"max_hp_loss":0.0,"gold_gain":0.0,"event_name":"Living Wall","player_choice":"Grow","floor":2.0,"gold_loss":0.0,"damage_taken":0.0,"cards_upgraded":["Deadly Poison"]},{"damage_healed":0.0,"max_hp_gain":0.0,"max_hp_loss":0.0,"gold_gain":0.0,"event_name":"Shining Light","player_choice":"Entered Light","floor":3.0,"gold_loss":0.0,"damage_taken":20.0,"cards_upgraded":["Strike_G","Defend_G"]},{"damage_healed":0.0,"max_hp_gain":0.0,"max_hp_loss":0.0,"gold_gain":0.0,"cards_transformed":["Strike_G","Strike_G"],"event_name":"Drug Dealer","player_choice":"Became Test Subject","floor":19.0,"gold_loss":0.0,"damage_taken":0.0,"cards_obtained":["Underhanded Strike","Dash"]},{"damage_healed":0.0,"max_hp_gain":0.0,"max_hp_loss":0.0,"gold_gain":0.0,"event_name":"The Mausoleum","player_choice":"Opened","floor":20.0,"gold_loss":0.0,"damage_taken":0.0,"relics_obtained":["StrikeDummy"],"cards_obtained":["Writhe"]},{"damage_healed":0.0,"max_hp_gain":5.0,"max_hp_loss":0.0,"gold_gain":0.0,"event_name":"Forgotten Altar","player_choice":"Shed Blood","floor":22.0,"gold_loss":0.0,"damage_taken":23.0}],"is_beta":true,"boss_relics":[{"not_picked":["Velvet Choker","Empty Cage"],"picked":"SlaversCollar"}],"items_purged_floors":[21],"is_endless":false,"potions_floor_spawned":[4,5,11,13,16,28],"killed_by":"Book of Stabbing","ascension_level":20}