{"gold_per_floor":[116,128,128,16,32,32,65,84,137,148,180,180,105,124,124,200,200,215,231,231,231,244,244,274,292,344,357,369,369,398,79,79,153,153,164,180,180,193,193,225,225,225],"floor_reached":42,"playtime":4941,"items_purged":["Pain"],"score":1010,"play_id":"c1b30ee6-95cd-4e19-b5bd-48d3173004cc","local_time":"20200209124606","is_ascension_mode":true,"campfire_choices":[{"data":"All Out Attack","floor":6,"key":"SMITH"},{"data":"Quick Slash","floor":12,"key":"SMITH"},{"data":"Dagger Throw","floor":15,"key":"SMITH"},{"data":"Malaise","floor":23,"key":"SMITH"},{"data":"Footwork","floor":29,"key":"SMITH"},{"floor":32,"key":"REST"},{"floor":41,"key":"REST"}],"neow_cost":"NONE","seed_source_timestamp":2190560642311100,"circlet_count":0,"master_deck":["AscendersBane","Strike_G","Strike_G","Strike_G","Defend_G","Defend_G","Defend_G+1","Defend_G","Defend_G+1","Survivor","Neutralize","Backstab","All Out Attack+1","Dash","Well Laid Plans","Quick Slash+1","Dagger Throw+1","Footwork+1","Malaise+1","Dodge and Roll","Bouncing Flask+1","Cloak And Dagger+1","Escape Plan","Backflip","Deadly Poison","Deflect","Burst","CurseOfTheBell","Escape Plan+1","Noxious Fumes","Deflect"],"relics":["Ring of the Snake","HornCleat","Orichalcum","War Paint","Cursed Key","Thread and Needle","Smiling Mask","Centennial Puzzle","PreservedInsect","Calling Bell","Strawberry","Pantograph","Tingsha","Happy Flower"],"potions_floor_usage":[7,24,30,33,33,42],"damage_taken":[{"damage":1,"enemies":"Jaw Worm","floor":1,"turns":5},{"damage":1,"enemies":"Cultist","floor":2,"turns":5},{"damage":0,"enemies":"Small Slimes","floor":5,"turns":2},{"damage":17,"enemies":"Lagavulin","floor":7,"turns":9},{"damage":7,"enemies":"3 Louse","floor":8,"turns":3},{"damage":0,"enemies":"Large Slime","floor":10,"turns":4},{"damage":2,"enemies":"3 Sentries","floor":11,"turns":6},{"damage":0,"enemies":"Blue Slaver","floor":14,"turns":2},{"damage":2,"enemies":"The Guardian","floor":16,"turns":16},{"damage":4,"enemies":"Shell Parasite","floor":18,"turns":7},{"damage":2,"enemies":"Chosen","floor":19,"turns":7},{"damage":5,"enemies":"Snecko","floor":22,"turns":6},{"damage":14,"enemies":"Gremlin Leader","floor":24,"turns":7},{"damage":0,"enemies":"Chosen and Byrds","floor":25,"turns":8},{"damage":1,"enemies":"Snake Plant","floor":27,"turns":5},{"damage":1,"enemies":"Centurion and Healer","floor":28,"turns":8},{"damage":5,"enemies":"Slavers","floor":30,"turns":9},{"damage":49,"enemies":"Champ","floor":33,"turns":17},{"damage":4,"enemies":"Orb Walker","floor":35,"turns":5},{"damage":10,"enemies":"3 Darklings","floor":36,"turns":6},{"damage":12,"enemies":"Sphere and 2 Shapes","floor":38,"turns":5},{"damage":0,"enemies":"Nemesis","floor":40,"turns":9},{"damage":59,"enemies":"Reptomancer","floor":42,"turns":5}],"seed_played":"-7060009561392916412","potions_obtained":[{"floor":1,"key":"SpeedPotion"},{"floor":2,"key":"SteroidPotion"},{"floor":11,"key":"AttackPotion"},{"floor":18,"key":"LiquidMemories"},{"floor":25,"key":"AttackPotion"},{"floor":38,"key":"Poison Potion"},{"floor":40,"key":"SteroidPotion"}],"is_trial":false,"path_per_floor":["M","M","?","$","M","R","E","M","T","M","E","R","?","M","R","B",null,"M","M","?","?","M","R","E","M","T","M","M","R","E","$","R","B",null,"M","M","?","M","?","E","R","E"],"character_chosen":"THE_SILENT","items_purchased":["Well Laid Plans","Quick Slash","PreservedInsect","PowerPotion","Dexterity Potion"],"campfire_rested":2,"item_purchase_floors":[4,4,31,31,31],"current_hp_per_floor":[64,63,63,63,63,63,46,39,39,39,37,37,37,37,37,35,63,59,57,57,57,52,52,38,38,38,37,36,36,31,31,52,3,62,58,48,48,36,36,36,58,0],"gold":225,"neow_bonus":"TEN_PERCENT_HP_BONUS","is_prod":false,"is_daily":false,"chose_seed":false,"campfire_upgraded":5,"win_rate":0,"timestamp":1581252366,"path_taken":["M","M","?","?","M","R","E","?","T","M","E","R","?","M","R","BOSS","M","M","?","?","M","R","E","M","T","M","M","R","E","$","R","BOSS","M","M","?","M","?","E","R","E"],"build_version":"2020-01-27","purchased_purges":1,"victory":false,"max_hp_per_floor":[72,72,72,72,72,72,72,72,72,72,72,72,72,72,72,72,72,72,72,72,72,72,72,72,72,72,72,72,72,72,72,72,72,79,79,79,79,79,75,75,75,75],"card_choices":[{"not_picked":["Escape Plan","PiercingWail"],"picked":"Backstab","floor":1},{"not_picked":["Accuracy","Quick Slash"],"picked":"All Out Attack","floor":2},{"not_picked":["Underhanded Strike","Acrobatics","Flechettes"],"picked":"SKIP","floor":5},{"not_picked":["Acrobatics","All Out Attack"],"picked":"Dagger Throw","floor":7},{"not_picked":["Acrobatics","Tactician","Quick Slash"],"picked":"SKIP","floor":8},{"not_picked":["Dodge and Roll","Blade Dance"],"picked":"Footwork","floor":10},{"not_picked":["Accuracy","Endless Agony","Tactician"],"picked":"SKIP","floor":11},{"not_picked":["Accuracy","Grand Finale","Quick Slash"],"picked":"SKIP","floor":14},{"not_picked":["Phantasmal Killer","Die Die Die"],"picked":"Malaise","floor":16},{"not_picked":["Riddle With Holes","Slice"],"picked":"Dodge and Roll","floor":18},{"not_picked":["Poisoned Stab","Flying Knee"],"picked":"Bouncing Flask+1","floor":19},{"not_picked":["Acrobatics","Poisoned Stab"],"picked":"Cloak And Dagger+1","floor":22},{"not_picked":["Underhanded Strike","Slice"],"picked":"Escape Plan","floor":24},{"not_picked":["Finisher","Outmaneuver+1"],"picked":"Backflip","floor":25},{"not_picked":["Caltrops","Dagger Throw"],"picked":"Deadly Poison","floor":27},{"not_picked":["Dagger Throw","Doppelganger"],"picked":"Deflect","floor":28},{"not_picked":["Riddle With Holes","Skewer","Blade Dance"],"picked":"SKIP","floor":30},{"not_picked":["Malaise","Phantasmal Killer"],"picked":"Burst","floor":33},{"not_picked":["Masterful Stab","Underhanded Strike"],"picked":"Escape Plan+1","floor":35},{"not_picked":["Poisoned Stab","Backstab"],"picked":"Noxious Fumes","floor":36},{"not_picked":["Deadly Poison","Quick Slash","Dagger Throw"],"picked":"SKIP","floor":38},{"not_picked":["Setup","Die Die Die"],"picked":"Deflect","floor":40}],"player_experience":2219921,"relics_obtained":[{"floor":7,"key":"HornCleat"},{"floor":9,"key":"Orichalcum"},{"floor":11,"key":"War Paint"},{"floor":24,"key":"Thread and Needle"},{"floor":26,"key":"Smiling Mask"},{"floor":30,"key":"Centennial Puzzle"},{"floor":34,"key":"Strawberry"},{"floor":34,"key":"Pantograph"},{"floor":34,"key":"Tingsha"},{"floor":40,"key":"Happy Flower"}],"event_choices":[{"damage_healed":0,"gold_gain":0,"cards_transformed":["Strike_G"],"player_choice":"Transformed","damage_taken":0,"max_hp_gain":0,"max_hp_loss":0,"event_name":"Transmorgrifier","floor":3,"gold_loss":0,"cards_obtained":["Dash"]},{"cards_removed":["Strike_G"],"damage_healed":0,"gold_gain":0,"player_choice":"Card Removal","damage_taken":0,"max_hp_gain":0,"max_hp_loss":0,"event_name":"The Cleric","floor":13,"gold_loss":75},{"damage_healed":0,"gold_gain":0,"player_choice":"Ignored","damage_taken":0,"max_hp_gain":0,"max_hp_loss":0,"event_name":"The Mausoleum","floor":20,"gold_loss":0},{"damage_healed":0,"gold_gain":0,"player_choice":"Ignored","damage_taken":0,"max_hp_gain":0,"max_hp_loss":0,"event_name":"Vampires","floor":21,"gold_loss":0},{"damage_healed":0,"gold_gain":0,"player_choice":"Ignored","damage_taken":0,"max_hp_gain":0,"max_hp_loss":0,"event_name":"Tomb of Lord Red Mask","floor":37,"gold_loss":0},{"damage_healed":0,"gold_gain":0,"player_choice":"Max HP","damage_taken":0,"max_hp_gain":0,"max_hp_loss":4,"event_name":"Winding Halls","floor":39,"gold_loss":0}],"is_beta":true,"boss_relics":[{"not_picked":["Sozu","Empty Cage"],"picked":"Cursed Key"},{"not_picked":["Ring of the Serpent","Runic Dome"],"picked":"Calling Bell"}],"items_purged_floors":[31],"is_endless":false,"potions_floor_spawned":[1,2,5,11,14,16,18,22,25,28,38,40],"killed_by":"Reptomancer","ascension_level":20}