{"gold_per_floor":[114,132,132,150,150,150,185,204,204,204,221,221,7,7,7,7],"floor_reached":16,"playtime":688,"items_purged":["Strike_G"],"score":200,"play_id":"93ef4572-4cc1-413d-bd7d-53d1e7500f1a","local_time":"20200209222936","is_ascension_mode":true,"campfire_choices":[{"data":"Dagger Throw","floor":6,"key":"SMITH"},{"data":"Neutralize","floor":10,"key":"SMITH"},{"data":"Crippling Poison","floor":12,"key":"SMITH"},{"data":"Predator","floor":15,"key":"SMITH"}],"neow_cost":"NONE","seed_source_timestamp":2229824985358100,"circlet_count":0,"master_deck":["AscendersBane","Strike_G","Strike_G","Strike_G","Defend_G","Defend_G","Defend_G","Defend_G","Defend_G","Survivor","Neutralize+1","Riddle With Holes+1","Flying Knee","Dagger Throw+1","Dodge and Roll","PiercingWail","Crippling Poison+1","Predator+1","PiercingWail"],"relics":["Ring of the Snake","Bronze Scales","Tiny Chest"],"potions_floor_usage":[7,16],"damage_taken":[{"damage":3,"enemies":"2 Louse","floor":1,"turns":3},{"damage":10,"enemies":"Small Slimes","floor":2,"turns":4},{"damage":1,"enemies":"Jaw Worm","floor":4,"turns":2},{"damage":28,"enemies":"Gremlin Nob","floor":7,"turns":4},{"damage":6,"enemies":"Exordium Thugs","floor":8,"turns":4},{"damage":0,"enemies":"3 Louse","floor":11,"turns":3},{"damage":17,"enemies":"The Guardian","floor":16,"turns":4}],"seed_played":"4040997160237458096","potions_obtained":[{"floor":4,"key":"Swift Potion"},{"floor":7,"key":"Fire Potion"},{"floor":8,"key":"SkillPotion"}],"is_trial":false,"path_per_floor":["M","M","?","M","?","R","E","M","T","R","M","R","$","?","R","B"],"character_chosen":"THE_SILENT","items_purchased":["Predator","PiercingWail"],"campfire_rested":0,"item_purchase_floors":[13,13],"current_hp_per_floor":[62,52,52,51,56,56,28,22,22,22,22,22,22,15,15,0],"gold":7,"neow_bonus":"TEN_PERCENT_HP_BONUS","is_prod":false,"is_daily":false,"chose_seed":false,"campfire_upgraded":4,"win_rate":0,"timestamp":1581287376,"path_taken":["M","M","?","M","?","R","E","M","T","R","M","R","$","?","R","BOSS"],"build_version":"2020-01-27","purchased_purges":1,"victory":false,"max_hp_per_floor":[72,72,72,72,77,77,77,77,77,77,77,77,77,77,77,77],"card_choices":[{"not_picked":["Prepared","Dodge and Roll"],"picked":"Riddle With Holes","floor":1},{"not_picked":["Escape Plan","Bane"],"picked":"Flying Knee","floor":2},{"not_picked":["Cloak And Dagger","Quick Slash"],"picked":"Dagger Throw","floor":4},{"not_picked":["Flechettes","Acrobatics"],"picked":"Dodge and Roll","floor":7},{"not_picked":["Flying Knee","Skewer"],"picked":"PiercingWail","floor":8},{"not_picked":["Endless Agony","Leg Sweep"],"picked":"Crippling Poison","floor":11}],"player_experience":2231513,"relics_obtained":[{"floor":7,"key":"Bronze Scales"},{"floor":9,"key":"Tiny Chest"}],"event_choices":[{"damage_healed":0,"gold_gain":0,"player_choice":"Grow","damage_taken":0,"max_hp_gain":0,"max_hp_loss":0,"event_name":"Living Wall","floor":3,"gold_loss":0,"cards_upgraded":["Riddle With Holes"]},{"damage_healed":0,"gold_gain":0,"player_choice":"Donut","damage_taken":0,"max_hp_gain":5,"max_hp_loss":0,"event_name":"Big Fish","floor":5,"gold_loss":0},{"cards_removed":["Strike_G"],"damage_healed":0,"gold_gain":0,"player_choice":"Card Removal","damage_taken":7,"max_hp_gain":0,"max_hp_loss":0,"event_name":"Golden Wing","floor":14,"gold_loss":0}],"is_beta":true,"boss_relics":[],"items_purged_floors":[13],"is_endless":false,"potions_floor_spawned":[4,7,8],"killed_by":"The Guardian","ascension_level":20}