{"gold_per_floor":[115,190,207,224,82,111,111,152,177,177,14,14,57,81,81,81],"floor_reached":16,"playtime":851,"items_purged":[],"score":236,"play_id":"1317f05f-8295-4e9e-8a27-6e030486f070","local_time":"20200209131944","is_ascension_mode":true,"campfire_choices":[{"data":"All Out Attack","floor":10,"key":"SMITH"},{"floor":12,"key":"REST"},{"data":"Poisoned Stab","floor":15,"key":"SMITH"}],"neow_cost":"NONE","seed_source_timestamp":2196669773798400,"circlet_count":0,"master_deck":["AscendersBane","Strike_G","Strike_G","Strike_G","Strike_G","Strike_G","Defend_G","Defend_G","Defend_G","Defend_G","Defend_G","Survivor","Neutralize","Cloak And Dagger","Sucker Punch","All Out Attack+1","Poisoned Stab+1","Leg Sweep","Footwork","Infinite Blades","Dodge and Roll"],"relics":["Ring of the Snake","Boot","Oddly Smooth Stone","Golden Idol","Happy Flower","Akabeko","Snake Skull","PreservedInsect"],"potions_floor_usage":[6,8,8,16],"damage_taken":[{"damage":4,"enemies":"Jaw Worm","floor":1,"turns":6},{"damage":0,"enemies":"2 Louse","floor":3,"turns":3},{"damage":0,"enemies":"Cultist","floor":4,"turns":4},{"damage":25,"enemies":"Lagavulin","floor":6,"turns":7},{"damage":6,"enemies":"Gremlin Nob","floor":8,"turns":3},{"damage":24,"enemies":"Lagavulin","floor":13,"turns":8},{"damage":0,"enemies":"2 Fungi Beasts","floor":14,"turns":2},{"damage":15,"enemies":"Hexaghost","floor":16,"turns":11}],"seed_played":"326516565412837923","potions_obtained":[{"floor":4,"key":"Block Potion"},{"floor":6,"key":"SteroidPotion"},{"floor":13,"key":"GamblersBrew"}],"is_trial":false,"path_per_floor":["M","?","M","M","$","E","?","E","T","R","$","R","E","M","R","B"],"character_chosen":"THE_SILENT","items_purchased":["Fire Potion","SteroidPotion","Poisoned Stab","Snake Skull"],"campfire_rested":1,"item_purchase_floors":[5,5,5,11],"current_hp_per_floor":[55,44,44,44,44,19,19,13,13,13,13,31,7,7,7,0],"gold":81,"neow_bonus":"RANDOM_COMMON_RELIC","is_prod":false,"is_daily":false,"chose_seed":false,"campfire_upgraded":2,"win_rate":0,"timestamp":1581254384,"path_taken":["M","?","M","M","$","E","?","E","T","R","?","R","E","M","R","BOSS"],"build_version":"2020-01-27","purchased_purges":0,"victory":false,"max_hp_per_floor":[66,66,66,66,66,66,60,60,60,60,60,60,60,60,60,60],"card_choices":[{"not_picked":["Blade Dance","Flechettes"],"picked":"Cloak And Dagger","floor":1},{"not_picked":["Eviscerate","Outmaneuver"],"picked":"Sucker Punch","floor":3},{"not_picked":["Blade Dance","Poisoned Stab"],"picked":"All Out Attack","floor":4},{"not_picked":["Bane","Concentrate"],"picked":"Leg Sweep","floor":6},{"not_picked":["Dagger Throw","Poisoned Stab"],"picked":"Footwork","floor":8},{"not_picked":["Quick Slash","Eviscerate"],"picked":"Infinite Blades","floor":13},{"not_picked":["Underhanded Strike","Outmaneuver"],"picked":"Dodge and Roll","floor":14}],"player_experience":2224862,"relics_obtained":[{"floor":6,"key":"Oddly Smooth Stone"},{"floor":8,"key":"Happy Flower"},{"floor":9,"key":"Akabeko"},{"floor":13,"key":"PreservedInsect"}],"event_choices":[{"damage_healed":0,"gold_gain":75,"player_choice":"Gather Gold","damage_taken":11,"max_hp_gain":0,"max_hp_loss":0,"event_name":"World of Goop","floor":2,"gold_loss":0},{"damage_healed":0,"gold_gain":0,"player_choice":"Lose Max HP","damage_taken":0,"relics_obtained":["Golden Idol"],"max_hp_gain":0,"max_hp_loss":6,"event_name":"Golden Idol","floor":7,"gold_loss":0}],"is_beta":true,"boss_relics":[],"items_purged_floors":[],"is_endless":false,"potions_floor_spawned":[4,6,13],"killed_by":"Hexaghost","ascension_level":20}