{"gold_per_floor":[113,124,199,217,232,232,260,289,289,335,335,369,369,51,51,51],"floor_reached":16,"playtime":857,"items_purged":[],"score":216,"play_id":"3b73f622-0a79-4576-9061-b384d85efaaa","local_time":"20200209200724","is_ascension_mode":true,"campfire_choices":[{"floor":6,"key":"REST"},{"floor":11,"key":"REST"},{"data":"Noxious Fumes","floor":13,"key":"SMITH"},{"data":"Dagger Throw","floor":15,"key":"SMITH"}],"neow_cost":"NONE","seed_source_timestamp":2221123766929499,"circlet_count":0,"master_deck":["AscendersBane","Strike_G","Strike_G","Strike_G","Strike_G","Strike_G","Defend_G","Defend_G","Defend_G","Defend_G","Defend_G","Survivor","Neutralize","Noxious Fumes+1","Dagger Throw+1","Deadly Poison","Adrenaline","Adrenaline","Deflect+1","After Image"],"relics":["Ring of the Snake","Odd Mushroom","Omamori","Toxic Egg 2","Ancient Tea Set","Unceasing Top","OrangePellets"],"potions_floor_usage":[2,8,8,12,16],"damage_taken":[{"damage":13,"enemies":"Small Slimes","floor":1,"turns":5},{"damage":1,"enemies":"Jaw Worm","floor":2,"turns":3},{"damage":0,"enemies":"2 Louse","floor":4,"turns":4},{"damage":22,"enemies":"Exordium Thugs","floor":5,"turns":7},{"damage":12,"enemies":"The Mushroom Lair","floor":7,"turns":6},{"damage":10,"enemies":"Gremlin Nob","floor":8,"turns":5},{"damage":7,"enemies":"Lagavulin","floor":12,"turns":6},{"damage":21,"enemies":"The Guardian","floor":16,"turns":5}],"seed_played":"3196361978353121211","potions_obtained":[{"floor":0,"key":"CunningPotion"},{"floor":0,"key":"Regen Potion"},{"floor":4,"key":"GhostInAJar"},{"floor":5,"key":"GhostInAJar"},{"floor":8,"key":"Swift Potion"},{"floor":12,"key":"Poison Potion"}],"is_trial":false,"path_per_floor":["M","M","?","M","M","R","?","E","T","T","R","E","R","$","R","B"],"character_chosen":"THE_SILENT","items_purchased":["OrangePellets","After Image"],"campfire_rested":2,"item_purchase_floors":[14,14],"current_hp_per_floor":[46,45,34,34,12,31,19,9,9,9,28,21,21,21,21,0],"gold":51,"neow_bonus":"THREE_SMALL_POTIONS","is_prod":false,"is_daily":false,"chose_seed":false,"campfire_upgraded":2,"win_rate":0,"timestamp":1581278844,"path_taken":["M","M","?","M","M","R","?","E","T","?","R","E","R","$","R","BOSS"],"build_version":"2020-01-27","purchased_purges":0,"victory":false,"max_hp_per_floor":[66,66,66,66,66,66,66,66,66,66,66,66,66,66,66,66],"card_choices":[{"not_picked":["Acrobatics","Catalyst","Expertise"],"picked":"SKIP","floor":1},{"not_picked":["Bane","Deflect"],"picked":"Noxious Fumes","floor":2},{"not_picked":["Underhanded Strike","Distraction"],"picked":"Dagger Throw","floor":4},{"not_picked":["Flying Knee","Terror"],"picked":"Deadly Poison","floor":5},{"not_picked":["Cloak And Dagger","Dagger Throw"],"picked":"Adrenaline","floor":7},{"not_picked":["Finisher","Eviscerate"],"picked":"Adrenaline","floor":8},{"not_picked":["Unload","Flying Knee"],"picked":"Deflect+1","floor":12}],"player_experience":2225713,"relics_obtained":[{"floor":7,"key":"Odd Mushroom"},{"floor":8,"key":"Omamori"},{"floor":9,"key":"Toxic Egg 2"},{"floor":10,"key":"Ancient Tea Set"},{"floor":12,"key":"Unceasing Top"}],"event_choices":[{"damage_healed":0,"gold_gain":75,"player_choice":"Gather Gold","damage_taken":11,"max_hp_gain":0,"max_hp_loss":0,"event_name":"World of Goop","floor":3,"gold_loss":0},{"damage_healed":0,"gold_gain":0,"player_choice":"Fought Mushrooms","damage_taken":0,"max_hp_gain":0,"max_hp_loss":0,"event_name":"Mushrooms","floor":7,"gold_loss":0}],"is_beta":true,"boss_relics":[],"items_purged_floors":[],"is_endless":false,"potions_floor_spawned":[4,5,7,8,12],"killed_by":"The Guardian","ascension_level":20}