{"gold_per_floor":[119,139,214,214,228,228,262,262,262,287,287,287,299,299],"floor_reached":14,"playtime":682,"items_purged":[],"score":196,"play_id":"8104020b-3d78-41b9-b201-3e17de0d248f","local_time":"20200208132450","is_ascension_mode":true,"campfire_choices":[{"data":"Quick Slash","floor":6,"key":"SMITH"},{"floor":8,"key":"REST"},{"data":"Poisoned Stab","floor":12,"key":"SMITH"}],"neow_cost":"TEN_PERCENT_HP_LOSS","seed_source_timestamp":2110746064684900,"circlet_count":0,"master_deck":["AscendersBane","Strike_G","Strike_G","Strike_G","Strike_G","Defend_G","Defend_G","Defend_G","Defend_G","Defend_G","Survivor","Neutralize","Sucker Punch","Quick Slash+1","Leg Sweep","Poisoned Stab+1","Choke","PiercingWail"],"relics":["Ring of the Snake","Bird Faced Urn","Mercury Hourglass","Paper Crane","Smiling Mask"],"potions_floor_usage":[],"damage_taken":[{"damage":3,"enemies":"Small Slimes","floor":1,"turns":4},{"damage":1,"enemies":"Jaw Worm","floor":2,"turns":3},{"damage":0,"enemies":"2 Louse","floor":5,"turns":3},{"damage":34,"enemies":"3 Sentries","floor":7,"turns":12},{"damage":13,"enemies":"Lagavulin","floor":10,"turns":8},{"damage":0,"enemies":"Lots of Slimes","floor":13,"turns":4},{"damage":24,"enemies":"Gremlin Nob","floor":14,"turns":3}],"seed_played":"5923015043934227159","potions_obtained":[{"floor":13,"key":"Strength Potion"}],"is_trial":false,"path_per_floor":["M","M","?","?","M","R","E","R","T","E","?","R","M","E"],"character_chosen":"THE_SILENT","items_purchased":[],"campfire_rested":1,"item_purchase_floors":[],"current_hp_per_floor":[56,55,44,49,49,49,15,34,34,21,21,21,21,0],"gold":299,"neow_bonus":"ONE_RARE_RELIC","is_prod":false,"is_daily":false,"chose_seed":false,"campfire_upgraded":2,"win_rate":0,"timestamp":1581168290,"path_taken":["M","M","?","?","M","R","E","R","T","E","?","R","M","E"],"build_version":"2020-01-27","purchased_purges":0,"victory":false,"max_hp_per_floor":[60,60,60,65,65,65,65,65,65,65,65,65,65,65],"card_choices":[{"not_picked":["Acrobatics","Backflip"],"picked":"Sucker Punch","floor":1},{"not_picked":["Deflect","Sucker Punch"],"picked":"Quick Slash","floor":2},{"not_picked":["Caltrops","Deflect"],"picked":"Leg Sweep","floor":5},{"not_picked":["Deflect","Grand Finale","Setup"],"picked":"SKIP","floor":7},{"not_picked":["Terror","Prepared"],"picked":"Poisoned Stab","floor":10},{"not_picked":["Choke","Deadly Poison"],"picked":"PiercingWail","floor":13}],"player_experience":2195319,"relics_obtained":[{"floor":7,"key":"Mercury Hourglass"},{"floor":9,"key":"Paper Crane"},{"floor":10,"key":"Smiling Mask"}],"event_choices":[{"damage_healed":0,"gold_gain":75,"player_choice":"Gather Gold","damage_taken":11,"max_hp_gain":0,"max_hp_loss":0,"event_name":"World of Goop","floor":3,"gold_loss":0},{"damage_healed":0,"gold_gain":0,"player_choice":"Donut","damage_taken":0,"max_hp_gain":5,"max_hp_loss":0,"event_name":"Big Fish","floor":4,"gold_loss":0},{"damage_healed":0,"gold_gain":0,"cards_transformed":["Strike_G"],"player_choice":"Transformed","damage_taken":0,"max_hp_gain":0,"max_hp_loss":0,"event_name":"Transmorgrifier","floor":11,"gold_loss":0,"cards_obtained":["Choke"]}],"is_beta":true,"boss_relics":[],"items_purged_floors":[],"is_endless":false,"potions_floor_spawned":[13],"killed_by":"Gremlin Nob","ascension_level":20}