{"gold_per_floor":[114,133,133,148,160,160,43,43,66,66],"floor_reached":10,"playtime":549,"items_purged":["Pain"],"score":116,"play_id":"1c6674f4-89c4-470c-aa2e-b85168ba5443","local_time":"20200211162514","is_ascension_mode":true,"campfire_choices":[{"data":"Dagger Throw","floor":6,"key":"SMITH"}],"neow_cost":"NONE","seed_source_timestamp":2380855323689900,"circlet_count":0,"master_deck":["AscendersBane","Strike_G","Strike_G","Strike_G","Strike_G","Strike_G","Defend_G","Defend_G","Defend_G","Defend_G","Defend_G","Survivor","Neutralize","Night Terror","Dagger Throw+1","Terror","Flying Knee","Dash","Footwork"],"special_seed":0,"relics":["Ring of the Snake","WarpedTongs","Bronze Scales"],"potions_floor_usage":[10],"damage_taken":[{"damage":4.0,"enemies":"Jaw Worm","floor":1.0,"turns":9.0},{"damage":1.0,"enemies":"Cultist","floor":2.0,"turns":4.0},{"damage":5,"enemies":"2 Louse","floor":4,"turns":4},{"damage":12,"enemies":"Large Slime","floor":5,"turns":6},{"damage":37,"enemies":"Gremlin Nob","floor":10,"turns":4}],"seed_played":"2140276887599659760","potions_obtained":[{"floor":1.0,"key":"SkillPotion"}],"is_trial":false,"path_per_floor":["M","M","?","M","M","R","$","?","T","?"],"character_chosen":"THE_SILENT","items_purchased":["Footwork"],"campfire_rested":0,"item_purchase_floors":[7],"current_hp_per_floor":[55,54,54,49,37,37,37,37,37,0],"gold":66,"neow_bonus":"ONE_RANDOM_RARE_CARD","is_prod":false,"is_daily":false,"chose_seed":false,"campfire_upgraded":1,"win_rate":0,"timestamp":1581438314,"path_taken":["M","M","?","M","?","R","?","?","T","?"],"build_version":"2020-01-27","purchased_purges":1,"victory":false,"max_hp_per_floor":[66,66,66,66,66,66,66,66,66,66],"card_choices":[{"not_picked":["Endless Agony","Dodge and Roll"],"picked":"Dagger Throw","floor":1.0},{"not_picked":["Calculated Gamble","Bane"],"picked":"Terror","floor":2.0},{"not_picked":["Deflect","Catalyst"],"picked":"Flying Knee","floor":4},{"not_picked":["Predator","Tools of the Trade"],"picked":"Dash","floor":5}],"player_experience":2256554,"relics_obtained":[{"floor":9,"key":"Bronze Scales"}],"event_choices":[{"damage_healed":0.0,"max_hp_gain":0.0,"max_hp_loss":0.0,"gold_gain":0.0,"event_name":"Accursed Blacksmith","player_choice":"Rummage","floor":3.0,"gold_loss":0.0,"damage_taken":0.0,"relics_obtained":["WarpedTongs"],"cards_obtained":["Pain"]},{"damage_healed":0,"gold_gain":0,"player_choice":"Ignored","damage_taken":0,"max_hp_gain":0,"max_hp_loss":0,"event_name":"Liars Game","floor":8,"gold_loss":0},{"damage_healed":0,"gold_gain":0,"player_choice":"Searched \u00271\u0027 times","damage_taken":0,"max_hp_gain":0,"max_hp_loss":0,"event_name":"Dead Adventurer","floor":10,"gold_loss":0}],"is_beta":true,"boss_relics":[],"items_purged_floors":[7],"is_endless":false,"potions_floor_spawned":[1],"killed_by":"Gremlin Nob","ascension_level":20}