{"gold_per_floor":[114,5,18,18,35,63,63,88,88,88],"floor_reached":10,"playtime":288,"items_purged":[],"score":152,"play_id":"66c1d74f-152f-41df-ba6f-3e32079d06a2","local_time":"20200209203238","is_ascension_mode":true,"campfire_choices":[{"data":"All Out Attack","floor":7,"key":"SMITH"}],"neow_cost":"NONE","seed_source_timestamp":2223207019627000,"circlet_count":0,"master_deck":["AscendersBane","Strike_G","Strike_G","Strike_G","Strike_G","Defend_G","Defend_G","Defend_G","Defend_G","Defend_G","Survivor","Neutralize","Predator","Dagger Throw","Dagger Throw","Poisoned Stab","All Out Attack+1","Escape Plan"],"relics":["Ring of the Snake","NeowsBlessing","Pantograph","Ginger"],"potions_floor_usage":[6,6,10],"damage_taken":[{"damage":0,"enemies":"Jaw Worm","floor":1,"turns":1},{"damage":0,"enemies":"Cultist","floor":3,"turns":1},{"damage":0,"enemies":"2 Louse","floor":5,"turns":1},{"damage":25,"enemies":"Lagavulin","floor":6,"turns":5},{"damage":32,"enemies":"Gremlin Nob","floor":8,"turns":4},{"damage":2,"enemies":"3 Sentries","floor":10,"turns":3}],"seed_played":"-5002416884721487852","potions_obtained":[{"floor":1,"key":"GamblersBrew"},{"floor":3,"key":"SteroidPotion"},{"floor":8,"key":"GhostInAJar"}],"is_trial":false,"path_per_floor":["M","$","M","?","M","E","R","E","T","E"],"character_chosen":"THE_SILENT","items_purchased":["Dagger Throw","Poison Potion"],"campfire_rested":0,"item_purchase_floors":[2,2],"current_hp_per_floor":[59,59,59,59,59,34,34,2,2,0],"gold":88,"neow_bonus":"THREE_ENEMY_KILL","is_prod":false,"is_daily":false,"chose_seed":false,"campfire_upgraded":1,"win_rate":0,"timestamp":1581280358,"path_taken":["M","$","M","?","M","E","R","E","T","E"],"build_version":"2020-01-27","purchased_purges":0,"victory":false,"max_hp_per_floor":[66,66,66,66,66,66,66,66,66,66],"card_choices":[{"not_picked":["Finisher","Sucker Punch"],"picked":"Predator","floor":1},{"not_picked":["Terror","Setup"],"picked":"Dagger Throw","floor":3},{"not_picked":["Dodge and Roll","Deadly Poison"],"picked":"Poisoned Stab","floor":5},{"not_picked":["Accuracy","Slice"],"picked":"All Out Attack","floor":6},{"not_picked":["Flechettes","Deadly Poison"],"picked":"Escape Plan","floor":8}],"player_experience":2227060,"relics_obtained":[{"floor":6,"key":"Pantograph"},{"floor":8,"key":"Ginger"}],"event_choices":[{"cards_removed":["Strike_G"],"damage_healed":0,"gold_gain":0,"player_choice":"Offered Basic","damage_taken":0,"max_hp_gain":0,"max_hp_loss":0,"event_name":"Bonfire Elementals","floor":4,"gold_loss":0}],"is_beta":true,"boss_relics":[],"items_purged_floors":[],"is_endless":false,"potions_floor_spawned":[1,3,8],"killed_by":"3 Sentries","ascension_level":20}