{"gold_per_floor":[119,139,139,156,171,199,199,34,34,61,61,61,110,134,134,134],"floor_reached":16,"playtime":736,"items_purged":[],"score":220,"play_id":"de358856-b867-438d-992f-37934d6eed1c","local_time":"20200210134441","is_ascension_mode":true,"campfire_choices":[{"floor":7,"key":"REST"},{"floor":12,"key":"REST"},{"floor":15,"key":"REST"}],"neow_cost":"NONE","seed_source_timestamp":2284684958085500,"circlet_count":0,"master_deck":["AscendersBane","Strike_G","Strike_G","Strike_G","Strike_G","Strike_G","Defend_G","Defend_G","Defend_G","Defend_G","Defend_G","Survivor","Neutralize","All Out Attack","Poisoned Stab","Sucker Punch","Terror","PiercingWail","PiercingWail"],"relics":["Ring of the Snake","Matryoshka","Blood Vial","Bag of Marbles","The Courier","InkBottle","Golden Idol","Art of War","Oddly Smooth Stone"],"potions_floor_usage":[6,6,6,10,16,16],"damage_taken":[{"damage":9,"enemies":"Jaw Worm","floor":1,"turns":5},{"damage":9,"enemies":"Cultist","floor":2,"turns":5},{"damage":0,"enemies":"2 Louse","floor":4,"turns":2},{"damage":1,"enemies":"Looter","floor":5,"turns":3},{"damage":6,"enemies":"Gremlin Nob","floor":6,"turns":3},{"damage":46,"enemies":"Lagavulin","floor":10,"turns":9},{"damage":9,"enemies":"Red Slaver","floor":14,"turns":5},{"damage":54,"enemies":"Slime Boss","floor":16,"turns":10}],"seed_played":"-5774415008243327927","potions_obtained":[{"floor":0,"key":"Weak Potion"},{"floor":0,"key":"EntropicBrew"},{"floor":4,"key":"AttackPotion"},{"floor":10,"key":"Explosive Potion"},{"floor":14,"key":"Dexterity Potion"}],"is_trial":false,"path_per_floor":["M","M","?","M","M","E","R","$","T","E","?","R","T","M","R","B"],"character_chosen":"THE_SILENT","items_purchased":["Blood Vial"],"campfire_rested":3,"item_purchase_floors":[8],"current_hp_per_floor":[50,41,32,32,31,25,44,44,44,15,15,33,33,26,44,0],"gold":134,"neow_bonus":"THREE_SMALL_POTIONS","is_prod":false,"is_daily":false,"chose_seed":false,"campfire_upgraded":0,"win_rate":0,"timestamp":1581342281,"path_taken":["M","M","?","M","?","E","R","$","T","E","?","R","?","M","R","BOSS"],"build_version":"2020-01-27","purchased_purges":0,"victory":false,"max_hp_per_floor":[66,66,66,66,66,66,66,66,66,66,60,60,60,60,60,60],"card_choices":[{"not_picked":["Deadly Poison","Flying Knee"],"picked":"All Out Attack","floor":1},{"not_picked":["Deadly Poison","Slice"],"picked":"Poisoned Stab","floor":2},{"not_picked":["Distraction","PiercingWail"],"picked":"Sucker Punch","floor":4},{"not_picked":["Acrobatics","Dodge and Roll"],"picked":"Terror","floor":5},{"not_picked":["Acrobatics","Setup"],"picked":"PiercingWail","floor":6},{"not_picked":["Poisoned Stab","Cloak And Dagger"],"picked":"PiercingWail","floor":10},{"not_picked":["Underhanded Strike","Phantasmal Killer","Acrobatics"],"picked":"SKIP","floor":14}],"player_experience":2241169,"relics_obtained":[{"floor":6,"key":"Matryoshka"},{"floor":9,"key":"Bag of Marbles"},{"floor":9,"key":"The Courier"},{"floor":10,"key":"InkBottle"},{"floor":13,"key":"Art of War"},{"floor":13,"key":"Oddly Smooth Stone"}],"event_choices":[{"damage_healed":0,"gold_gain":0,"player_choice":"Damaged","damage_taken":9,"max_hp_gain":0,"max_hp_loss":0,"event_name":"Wheel of Change","floor":3,"gold_loss":0},{"damage_healed":0,"gold_gain":0,"player_choice":"Lose Max HP","damage_taken":0,"relics_obtained":["Golden Idol"],"max_hp_gain":0,"max_hp_loss":6,"event_name":"Golden Idol","floor":11,"gold_loss":0}],"is_beta":true,"boss_relics":[],"items_purged_floors":[],"is_endless":false,"potions_floor_spawned":[2,4,10,14],"killed_by":"Slime Boss","ascension_level":20}