{"gold_per_floor":[116,266,266,285,155,155,198,198,198,198,233,257,43,87,87,181,181,206,231,231,231,20,45,45,64,64,64],"floor_reached":27,"playtime":1374,"items_purged":["Doubt","Strike_G","Strike_G"],"score":488,"play_id":"94932070-c2b7-4c5c-b193-4308bc25e689","local_time":"20200210222901","is_ascension_mode":true,"campfire_choices":[{"data":"Deadly Poison","floor":6,"key":"SMITH"},{"data":"A Thousand Cuts","floor":8,"key":"SMITH"},{"data":"Neutralize","floor":10,"key":"SMITH"},{"floor":15,"key":"REST"}],"neow_cost":"NONE","seed_source_timestamp":2315505738010100,"circlet_count":0,"master_deck":["AscendersBane","Strike_G","Defend_G","Defend_G","Defend_G","Defend_G","Defend_G","Survivor","Neutralize+1","Deadly Poison+1","A Thousand Cuts+1","Deadly Poison","Dash","All Out Attack","Catalyst","After Image","CurseOfTheBell","Cloak And Dagger","PiercingWail","Terror+1","Backflip","Glass Knife","Backflip","Die Die Die","Malaise"],"relics":["Ring of the Snake","NeowsBlessing","Golden Idol","Ginger","PreservedInsect","Odd Mushroom","Anchor","Calling Bell","Smiling Mask","Eternal Feather","Pocketwatch","Orrery","Happy Flower"],"potions_floor_usage":[11,14,18,23,25],"damage_taken":[{"damage":0,"enemies":"Jaw Worm","floor":1,"turns":1},{"damage":0,"enemies":"Small Slimes","floor":4,"turns":1},{"damage":0,"enemies":"Gremlin Nob","floor":7,"turns":1},{"damage":25,"enemies":"The Mushroom Lair","floor":11,"turns":5},{"damage":5,"enemies":"2 Louse","floor":12,"turns":3},{"damage":12,"enemies":"3 Sentries","floor":14,"turns":4},{"damage":28,"enemies":"Slime Boss","floor":16,"turns":8},{"damage":15,"enemies":"2 Thieves","floor":18,"turns":4},{"damage":6,"enemies":"Chosen","floor":19,"turns":5},{"damage":11,"enemies":"3 Cultists","floor":23,"turns":5},{"damage":3,"enemies":"Snake Plant","floor":25,"turns":5},{"damage":32,"enemies":"Slavers","floor":27,"turns":5}],"seed_played":"4181387233452437936","potions_obtained":[{"floor":7,"key":"Block Potion"},{"floor":16,"key":"LiquidMemories"},{"floor":18,"key":"AttackPotion"},{"floor":23,"key":"Regen Potion"}],"is_trial":false,"path_per_floor":["M","?","?","M","$","R","E","R","T","R","?","M","$","E","R","B",null,"M","M","?","?","$","M","?","M","T","E"],"character_chosen":"THE_SILENT","items_purchased":["SteroidPotion","Dash","All Out Attack","Orrery"],"campfire_rested":1,"item_purchase_floors":[5,13,13,22],"current_hp_per_floor":[59,59,59,59,59,59,59,59,59,59,34,29,29,17,35,7,47,32,26,26,26,26,15,15,27,27,0],"gold":64,"neow_bonus":"THREE_ENEMY_KILL","is_prod":false,"is_daily":false,"chose_seed":false,"campfire_upgraded":3,"win_rate":0,"timestamp":1581373741,"path_taken":["M","?","?","M","$","R","E","R","T","R","?","M","$","E","R","BOSS","M","M","?","?","$","M","?","M","T","E"],"build_version":"2020-01-27","purchased_purges":3,"victory":false,"max_hp_per_floor":[66,66,60,60,60,60,60,60,60,60,60,60,60,60,60,60,60,60,60,60,60,60,60,60,60,60,60],"card_choices":[{"not_picked":["Acrobatics","Backflip"],"picked":"Deadly Poison","floor":1},{"not_picked":["Prepared","Masterful Stab","Outmaneuver"],"picked":"SKIP","floor":4},{"not_picked":["Acrobatics","Dodge and Roll"],"picked":"A Thousand Cuts","floor":7},{"not_picked":["Slice","Backflip"],"picked":"Deadly Poison","floor":11},{"not_picked":["Prepared","Choke","Reflex"],"picked":"SKIP","floor":12},{"not_picked":["Tactician","Adrenaline"],"picked":"Catalyst","floor":14},{"not_picked":["Envenom","Burst"],"picked":"After Image","floor":16},{"not_picked":["Skewer+1","Blade Dance"],"picked":"Cloak And Dagger","floor":18},{"not_picked":["Sucker Punch","Outmaneuver+1","Prepared"],"picked":"SKIP","floor":19},{"not_picked":["Dagger Throw","Concentrate"],"picked":"PiercingWail","floor":22},{"not_picked":["Setup","Sucker Punch"],"picked":"Terror+1","floor":22},{"not_picked":["Finisher","Well Laid Plans"],"picked":"Backflip","floor":22},{"not_picked":["Dagger Spray","Blur"],"picked":"Glass Knife","floor":22},{"not_picked":["Dagger Spray","Expertise"],"picked":"Backflip","floor":23},{"not_picked":["Underhanded Strike","Poisoned Stab","Setup"],"picked":"SKIP","floor":25}],"player_experience":2245747,"relics_obtained":[{"floor":7,"key":"Ginger"},{"floor":9,"key":"PreservedInsect"},{"floor":11,"key":"Odd Mushroom"},{"floor":14,"key":"Anchor"},{"floor":17,"key":"Smiling Mask"},{"floor":17,"key":"Eternal Feather"},{"floor":17,"key":"Pocketwatch"},{"floor":26,"key":"Happy Flower"}],"event_choices":[{"damage_healed":0,"gold_gain":150,"player_choice":"AGREE","damage_taken":0,"max_hp_gain":0,"max_hp_loss":0,"event_name":"Liars Game","floor":2,"gold_loss":0,"cards_obtained":["Doubt"]},{"damage_healed":0,"gold_gain":0,"player_choice":"Lose Max HP","damage_taken":0,"relics_obtained":["Golden Idol"],"max_hp_gain":0,"max_hp_loss":6,"event_name":"Golden Idol","floor":3,"gold_loss":0},{"damage_healed":0,"gold_gain":0,"player_choice":"Fought Mushrooms","damage_taken":0,"max_hp_gain":0,"max_hp_loss":0,"event_name":"Mushrooms","floor":11,"gold_loss":0},{"damage_healed":0,"gold_gain":0,"player_choice":"Ignored","damage_taken":0,"max_hp_gain":0,"max_hp_loss":0,"event_name":"Cursed Tome","floor":20,"gold_loss":0},{"damage_healed":0,"gold_gain":0,"player_choice":"Ignored","damage_taken":0,"max_hp_gain":0,"max_hp_loss":0,"event_name":"Vampires","floor":21,"gold_loss":0},{"damage_healed":0,"gold_gain":0,"cards_transformed":["Strike_G","Strike_G"],"player_choice":"Became Test Subject","damage_taken":0,"max_hp_gain":0,"max_hp_loss":0,"event_name":"Drug Dealer","floor":24,"gold_loss":0,"cards_obtained":["Die Die Die","Malaise"]}],"is_beta":true,"boss_relics":[{"not_picked":["WristBlade","Tiny House"],"picked":"Calling Bell"}],"items_purged_floors":[5,13,22],"is_endless":false,"potions_floor_spawned":[7,16,18,23],"killed_by":"Slavers","ascension_level":20}