{"gold_per_floor":[213,232,307,326,352,387,35,54,54,54],"floor_reached":10,"playtime":629,"items_purged":[],"score":136,"play_id":"a4b761a6-4851-41d7-aec2-b44af30efe3f","local_time":"20200208214145","is_ascension_mode":true,"campfire_choices":[],"neow_cost":"NONE","seed_source_timestamp":2140582813946799,"circlet_count":0,"master_deck":["AscendersBane","Strike_G","Strike_G","Strike_G","Strike_G","Strike_G","Defend_G","Defend_G","Defend_G","Defend_G","Defend_G","Survivor","Neutralize","Footwork","Dagger Throw","Poisoned Stab","Dagger Spray"],"special_seed":0,"relics":["Ring of the Snake","Akabeko","Centennial Puzzle","Eternal Feather","Frozen Egg 2"],"potions_floor_usage":[8,10],"damage_taken":[{"damage":4.0,"enemies":"Jaw Worm","floor":1.0,"turns":6.0},{"damage":1.0,"enemies":"2 Louse","floor":2.0,"turns":5.0},{"damage":1.0,"enemies":"Cultist","floor":4.0,"turns":4.0},{"damage":24.0,"enemies":"Gremlin Nob","floor":6.0,"turns":4.0},{"damage":5,"enemies":"Gremlin Gang","floor":8,"turns":4},{"damage":29,"enemies":"3 Sentries","floor":10,"turns":7}],"seed_played":"135719958418443642","potions_obtained":[{"floor":4.0,"key":"Weak Potion"},{"floor":6.0,"key":"AttackPotion"}],"is_trial":false,"path_per_floor":["M","M","?","M","T","E","$","M","T","E"],"character_chosen":"THE_SILENT","items_purchased":["Eternal Feather","Regen Potion"],"campfire_rested":0,"item_purchase_floors":[7,7],"current_hp_per_floor":[55,54,43,42,42,18,18,13,13,0],"gold":54,"neow_bonus":"HUNDRED_GOLD","is_prod":false,"is_daily":false,"chose_seed":false,"campfire_upgraded":0,"win_rate":0,"timestamp":1581198105,"path_taken":["M","M","?","M","?","E","$","M","T","E"],"build_version":"2020-01-27","purchased_purges":0,"victory":false,"max_hp_per_floor":[66,66,66,66,66,66,66,66,66,66],"card_choices":[{"not_picked":["Outmaneuver","Underhanded Strike"],"picked":"Footwork","floor":1.0},{"not_picked":["Deflect","Acrobatics"],"picked":"Dagger Throw","floor":2.0},{"not_picked":["Blade Dance","Acrobatics"],"picked":"Poisoned Stab","floor":4.0},{"not_picked":["Flying Knee","Phantasmal Killer","Slice"],"picked":"SKIP","floor":6.0},{"not_picked":["Dodge and Roll","Backflip"],"picked":"Dagger Spray","floor":8}],"player_experience":2206366,"relics_obtained":[{"floor":5.0,"key":"Akabeko"},{"floor":6.0,"key":"Centennial Puzzle"},{"floor":9,"key":"Frozen Egg 2"}],"event_choices":[{"damage_healed":0.0,"max_hp_gain":0.0,"max_hp_loss":0.0,"gold_gain":75.0,"event_name":"World of Goop","player_choice":"Gather Gold","floor":3.0,"gold_loss":0.0,"damage_taken":11.0}],"is_beta":true,"boss_relics":[],"items_purged_floors":[],"is_endless":false,"potions_floor_spawned":[4,6],"killed_by":"3 Sentries","ascension_level":20}