{"gold_per_floor":[112,127,127,140,156,156,182,197,197,197,197,216,216,141,141,215,215,230,230,245,245,85,85,103,133,133,45,45,45,64,82,82,82],"floor_reached":33,"playtime":2300,"items_purged":["Strike_G"],"score":534,"play_id":"dbd8e45c-8584-46da-b08b-4aeab141438d","local_time":"20200211195817","is_ascension_mode":true,"campfire_choices":[{"data":"Dagger Throw","floor":6.0,"key":"SMITH"},{"floor":10.0,"key":"REST"},{"data":"Quick Slash","floor":13.0,"key":"SMITH"},{"data":"Caltrops","floor":15.0,"key":"SMITH"},{"floor":23.0,"key":"REST"},{"floor":29,"key":"REST"},{"floor":32,"key":"REST"}],"neow_cost":"NONE","seed_source_timestamp":0,"circlet_count":0,"master_deck":["AscendersBane","Strike_G+1","Strike_G+1","Strike_G+1","Strike_G+1","Defend_G+1","Defend_G+1","Defend_G+1","Defend_G+1","Defend_G+1","Survivor","Neutralize","PiercingWail","Dagger Throw+1","Malaise","Caltrops+1","Quick Slash+1","Dagger Throw","Corpse Explosion","Die Die Die","Blur","Backflip","Bouncing Flask+1"],"special_seed":0,"relics":["Ring of the Snake","Centennial Puzzle","Mercury Hourglass","Question Card","Fusion Hammer","PreservedInsect","Toy Ornithopter"],"potions_floor_usage":[30],"damage_taken":[{"damage":1.0,"enemies":"2 Louse","floor":1.0,"turns":3.0},{"damage":7.0,"enemies":"Cultist","floor":2.0,"turns":5.0},{"damage":4.0,"enemies":"Jaw Worm","floor":4.0,"turns":5.0},{"damage":3.0,"enemies":"3 Louse","floor":5.0,"turns":4.0},{"damage":40.0,"enemies":"Gremlin Nob","floor":7.0,"turns":6.0},{"damage":6.0,"enemies":"Large Slime","floor":8.0,"turns":8.0},{"damage":10.0,"enemies":"Exordium Wildlife","floor":12.0,"turns":4.0},{"damage":17.0,"enemies":"The Guardian","floor":16.0,"turns":14.0},{"damage":11.0,"enemies":"2 Thieves","floor":18.0,"turns":3.0},{"damage":24.0,"enemies":"Shell Parasite","floor":20.0,"turns":5.0},{"damage":0.0,"enemies":"3 Cultists","floor":24.0,"turns":2.0},{"damage":7.0,"enemies":"Slavers","floor":25.0,"turns":3.0},{"damage":3,"enemies":"Cultist and Chosen","floor":30,"turns":5},{"damage":4,"enemies":"Centurion and Healer","floor":31,"turns":5},{"damage":52,"enemies":"Automaton","floor":33,"turns":6}],"seed_played":"6128850088011189814","potions_obtained":[{"floor":1.0,"key":"Block Potion"},{"floor":3.0,"key":"EssenceOfSteel"},{"floor":4.0,"key":"Regen Potion"},{"floor":7.0,"key":"Ancient Potion"},{"floor":12.0,"key":"Explosive Potion"}],"is_trial":false,"path_per_floor":["M","M","?","M","M","R","E","M","T","R","?","M","R","$","R","B",null,"M","?","M","?","$","R","M","E","T","$","?","R","M","M","R","B"],"character_chosen":"THE_SILENT","items_purchased":["PreservedInsect","Blur"],"campfire_rested":4,"item_purchase_floors":[22,27],"current_hp_per_floor":[58,51,51,47,44,44,19,13,13,32,32,22,22,22,22,5,51,40,40,16,16,16,35,35,28,28,28,10,31,33,29,50,0],"gold":82,"neow_bonus":"RANDOM_COMMON_RELIC","is_prod":false,"is_daily":false,"chose_seed":false,"campfire_upgraded":3,"win_rate":0,"timestamp":1581451097,"path_taken":["M","M","?","?","M","R","E","M","T","R","?","M","R","$","R","BOSS","M","?","M","?","$","R","M","E","T","$","?","R","?","M","R","BOSS"],"build_version":"2020-01-27","purchased_purges":1,"victory":false,"max_hp_per_floor":[66,66,66,66,66,66,66,66,66,66,66,66,66,66,66,66,66,66,66,66,66,66,66,66,66,66,66,71,71,71,71,71,71],"card_choices":[{"not_picked":["Acrobatics","Deflect"],"picked":"PiercingWail","floor":1.0},{"not_picked":["Masterful Stab","Underhanded Strike","Tactician"],"picked":"SKIP","floor":2.0},{"not_picked":["Dagger Spray","Underhanded Strike"],"picked":"Dagger Throw","floor":4.0},{"not_picked":["Cloak And Dagger","Acrobatics"],"picked":"Malaise","floor":5.0},{"not_picked":["Accuracy","Dodge and Roll"],"picked":"Caltrops","floor":7.0},{"not_picked":["Escape Plan","Well Laid Plans"],"picked":"Quick Slash","floor":8.0},{"not_picked":["Cloak And Dagger","Quick Slash","Slice"],"picked":"Dagger Throw","floor":12.0},{"not_picked":["Storm of Steel","Night Terror","A Thousand Cuts"],"picked":"Corpse Explosion","floor":16.0},{"not_picked":["Prepared","Poisoned Stab","Cloak And Dagger","Sucker Punch"],"picked":"SKIP","floor":18.0},{"not_picked":["Tactician","Infinite Blades","Acrobatics","Cloak And Dagger"],"picked":"SKIP","floor":20.0},{"not_picked":["Dagger Spray","Poisoned Stab","Dodge and Roll"],"picked":"Die Die Die","floor":24.0},{"not_picked":["Cloak And Dagger","Sucker Punch","Masterful Stab","Quick Slash"],"picked":"SKIP","floor":25.0},{"not_picked":["Dash+1","Catalyst","Poisoned Stab"],"picked":"Backflip","floor":30},{"not_picked":["Deadly Poison","Heel Hook","Blade Dance"],"picked":"Bouncing Flask+1","floor":31}],"player_experience":2257910,"relics_obtained":[{"floor":7.0,"key":"Mercury Hourglass"},{"floor":9.0,"key":"Question Card"},{"floor":25.0,"key":"Toy Ornithopter"}],"event_choices":[{"damage_healed":0.0,"max_hp_gain":0.0,"max_hp_loss":0.0,"gold_gain":0.0,"event_name":"Lab","player_choice":"Got Potions","floor":3.0,"gold_loss":0.0,"damage_taken":0.0},{"damage_healed":0.0,"max_hp_gain":0.0,"max_hp_loss":0.0,"gold_gain":0.0,"event_name":"The Cleric","player_choice":"Leave","floor":11.0,"gold_loss":0.0,"damage_taken":0.0},{"damage_healed":0.0,"max_hp_gain":0.0,"max_hp_loss":0.0,"gold_gain":0.0,"event_name":"Vampires","player_choice":"Ignored","floor":19.0,"gold_loss":0.0,"damage_taken":0.0},{"damage_healed":0.0,"max_hp_gain":0.0,"max_hp_loss":0.0,"gold_gain":0.0,"event_name":"Back to Basics","player_choice":"Simplicity","floor":21.0,"gold_loss":0.0,"damage_taken":0.0,"cards_upgraded":["Strike_G","Strike_G","Strike_G","Strike_G","Defend_G","Defend_G","Defend_G","Defend_G","Defend_G"]},{"damage_healed":0,"gold_gain":0,"player_choice":"Shed Blood","damage_taken":23,"max_hp_gain":5,"max_hp_loss":0,"event_name":"Forgotten Altar","floor":28,"gold_loss":0}],"is_beta":true,"boss_relics":[{"not_picked":["Ectoplasm","Astrolabe"],"picked":"Fusion Hammer"}],"items_purged_floors":[14],"is_endless":false,"potions_floor_spawned":[1,4,7,12,18,20,24],"killed_by":"Automaton","ascension_level":20}