{"gold_per_floor":[365,76,92,109,109,109,134,134,214,242,262,91,91,106,106,177,177,197,210,221,221,221,221,250,250,274,274,304,26,43,59,59,138,138,151,171,186,3,3,28,48,48,48,73,29,29],"floor_reached":46,"playtime":4108,"items_purged":["Pain","Strike_G"],"score":1056,"play_id":"1af33ef3-ac66-46e9-89ac-e51de2eaf0a6","local_time":"20200523120613","is_ascension_mode":true,"campfire_choices":[{"data":"Skewer","floor":6.0,"key":"SMITH"},{"data":"A Thousand Cuts","floor":8.0,"key":"SMITH"},{"data":"Bouncing Flask","floor":13.0,"key":"SMITH"},{"data":"Dagger Spray","floor":15.0,"key":"SMITH"},{"data":"Envenom","floor":23,"key":"SMITH"},{"data":"Well Laid Plans","floor":25,"key":"SMITH"},{"data":"Glass Knife","floor":27,"key":"SMITH"},{"data":"Noxious Fumes","floor":32,"key":"SMITH"},{"data":"Footwork","floor":42,"key":"SMITH"}],"neow_cost":"CURSE","seed_source_timestamp":2192991413263255,"circlet_count":0,"master_deck":["AscendersBane","Strike_G","Defend_G","Defend_G","Defend_G","Defend_G","Defend_G","Survivor","Dash","Well Laid Plans+1","Dagger Throw","Dagger Spray+1","Skewer+1","Bouncing Flask+1","Leg Sweep","Leg Sweep","A Thousand Cuts+1","Glass Knife+1","CurseOfTheBell","Dagger Spray+1","Dagger Spray+1","Dagger Throw","Envenom+1","Noxious Fumes+1","Acrobatics+1","PiercingWail","Footwork+1","Blur+1","PiercingWail","Footwork"],"special_seed":0,"relics":["Ring of the Snake","Orrery","Akabeko","Eternal Feather","Du-Vu Doll","OrangePellets","Calling Bell","Nunchaku","Letter Opener","Bird Faced Urn","Enchiridion","MealTicket","TungstenRod","Paper Crane","Cursed Key","Strawberry","Centennial Puzzle"],"potions_floor_usage":[19,24,24,28,46],"damage_taken":[{"damage":2.0,"enemies":"2 Louse","floor":1.0,"turns":4.0},{"damage":1.0,"enemies":"Cultist","floor":3.0,"turns":4.0},{"damage":0.0,"enemies":"Jaw Worm","floor":4.0,"turns":3.0},{"damage":10.0,"enemies":"3 Sentries","floor":7.0,"turns":8.0},{"damage":22.0,"enemies":"Lagavulin","floor":10.0,"turns":7.0},{"damage":4.0,"enemies":"Blue Slaver","floor":11.0,"turns":4.0},{"damage":0.0,"enemies":"3 Louse","floor":14.0,"turns":2.0},{"damage":29.0,"enemies":"Hexaghost","floor":16.0,"turns":9.0},{"damage":15,"enemies":"Shell Parasite","floor":18,"turns":7},{"damage":12,"enemies":"Chosen","floor":19,"turns":4},{"damage":0,"enemies":"Snecko","floor":20,"turns":5},{"damage":21,"enemies":"Gremlin Leader","floor":24,"turns":6},{"damage":14,"enemies":"Slavers","floor":28,"turns":4},{"damage":7,"enemies":"Centurion and Healer","floor":30,"turns":7},{"damage":3,"enemies":"Snake Plant","floor":31,"turns":3},{"damage":50,"enemies":"Automaton","floor":33,"turns":10},{"damage":0,"enemies":"Orb Walker","floor":35,"turns":4},{"damage":11,"enemies":"3 Darklings","floor":36,"turns":3},{"damage":15,"enemies":"Jaw Worm Horde","floor":37,"turns":5},{"damage":25,"enemies":"Nemesis","floor":40,"turns":9},{"damage":25,"enemies":"Transient","floor":41,"turns":6},{"damage":31,"enemies":"Reptomancer","floor":44,"turns":7},{"damage":64,"enemies":"Giant Head","floor":46,"turns":11}],"seed_played":"-6973672529575365060","potions_obtained":[{"floor":1.0,"key":"DistilledChaos"},{"floor":3.0,"key":"GamblersBrew"},{"floor":11.0,"key":"Weak Potion"},{"floor":19,"key":"Dexterity Potion"},{"floor":20,"key":"FearPotion"},{"floor":24,"key":"ColorlessPotion"},{"floor":37,"key":"SteroidPotion"},{"floor":44,"key":"Block Potion"}],"is_trial":false,"path_per_floor":["M","$","M","M","?","R","E","R","T","E","M","$","R","M","R","B",null,"M","M","M","?","?","R","E","R","T","R","E","$","M","M","R","B",null,"M","M","M","$","?","E","M","R","T","E","$","E"],"character_chosen":"THE_SILENT","items_purchased":["Dash","Orrery","OrangePellets","Paper Crane","Footwork","Footwork"],"campfire_rested":0,"item_purchase_floors":[2,2,12,29,38,45],"current_hp_per_floor":[57,57,56,56,56,56,46,46,46,24,20,20,32,32,44,15,53,42,32,36,15,15,30,15,30,30,45,37,52,55,58,66,20,55,63,55,50,65,65,56,41,56,56,37,52,0],"gold":29,"neow_bonus":"TWO_FIFTY_GOLD","is_prod":false,"is_daily":false,"chose_seed":false,"campfire_upgraded":9,"win_rate":0,"timestamp":1590260773,"path_taken":["M","$","M","M","?","R","E","R","T","E","?","$","R","?","R","BOSS","M","?","M","?","?","R","E","R","T","R","E","$","M","M","R","BOSS","M","M","M","$","?","E","M","R","T","E","?","E"],"build_version":"2020-01-27","purchased_purges":2,"victory":false,"max_hp_per_floor":[66,66,66,66,66,66,66,66,66,66,66,66,66,66,66,66,66,66,66,66,66,66,66,66,66,66,66,66,66,66,66,66,66,66,66,66,66,66,66,73,73,73,73,73,73,73],"card_choices":[{"not_picked":["Blade Dance","Outmaneuver","Tactician"],"picked":"SKIP","floor":1.0},{"not_picked":["Slice","Blade Dance"],"picked":"Well Laid Plans","floor":2.0},{"not_picked":["Well Laid Plans","Cloak And Dagger"],"picked":"Dagger Throw","floor":2.0},{"not_picked":["Endless Agony","Cloak And Dagger"],"picked":"Dagger Spray","floor":2.0},{"not_picked":["Accuracy","Dodge and Roll"],"picked":"Skewer","floor":2.0},{"not_picked":["Heel Hook","Quick Slash"],"picked":"Bouncing Flask","floor":3.0},{"not_picked":["Outmaneuver","Quick Slash"],"picked":"Leg Sweep","floor":4.0},{"not_picked":["Eviscerate","Flying Knee"],"picked":"A Thousand Cuts","floor":7.0},{"not_picked":["Blade Dance","Tactician","Deadly Poison"],"picked":"SKIP","floor":10.0},{"not_picked":["Poisoned Stab","Predator","Skewer"],"picked":"SKIP","floor":11.0},{"not_picked":["Acrobatics","Poisoned Stab","Prepared"],"picked":"SKIP","floor":14.0},{"not_picked":["Tools of the Trade","Venomology"],"picked":"Glass Knife","floor":16.0},{"not_picked":["Acrobatics","Sucker Punch"],"picked":"Dagger Spray+1","floor":18},{"not_picked":["Bane","Underhanded Strike","Acrobatics"],"picked":"SKIP","floor":19},{"not_picked":["Grand Finale","Sucker Punch"],"picked":"Dagger Spray+1","floor":20},{"not_picked":["Eviscerate","Backstab","Underhanded Strike"],"picked":"SKIP","floor":24},{"not_picked":["Flying Knee","Riddle With Holes"],"picked":"Noxious Fumes","floor":28},{"not_picked":["Prepared","Bane","Leg Sweep"],"picked":"SKIP","floor":30},{"not_picked":["Distraction","Accuracy","Flying Knee"],"picked":"SKIP","floor":31},{"not_picked":["Flying Knee","Poisoned Stab"],"picked":"Acrobatics+1","floor":35},{"not_picked":["Dagger Throw+1","Underhanded Strike+1"],"picked":"PiercingWail","floor":36},{"not_picked":["Dash","Setup","Acrobatics+1"],"picked":"SKIP","floor":37},{"not_picked":["Backflip","Concentrate"],"picked":"Blur+1","floor":40},{"not_picked":["Accuracy","Blade Dance","Flying Knee+1"],"picked":"SKIP","floor":41},{"not_picked":["A Thousand Cuts","Skewer"],"picked":"PiercingWail","floor":44}],"player_experience":2370374,"relics_obtained":[{"floor":7.0,"key":"Akabeko"},{"floor":9.0,"key":"Eternal Feather"},{"floor":10.0,"key":"Du-Vu Doll"},{"floor":17.0,"key":"Nunchaku"},{"floor":17.0,"key":"Letter Opener"},{"floor":17.0,"key":"Bird Faced Urn"},{"floor":21,"key":"Enchiridion"},{"floor":24,"key":"MealTicket"},{"floor":28,"key":"TungstenRod"},{"floor":40,"key":"Strawberry"},{"floor":44,"key":"Centennial Puzzle"}],"event_choices":[{"damage_healed":0.0,"max_hp_gain":0.0,"max_hp_loss":0.0,"gold_gain":0.0,"cards_transformed":["Strike_G"],"event_name":"Transmorgrifier","player_choice":"Transformed","floor":5.0,"gold_loss":0.0,"damage_taken":0.0,"cards_obtained":["Leg Sweep"]},{"damage_healed":0,"gold_gain":0,"player_choice":"Obtained Book","damage_taken":21,"max_hp_gain":0,"max_hp_loss":0,"event_name":"Cursed Tome","floor":21,"gold_loss":0},{"damage_healed":0,"gold_gain":0,"cards_transformed":["Strike_G","Strike_G"],"player_choice":"Became Test Subject","damage_taken":0,"max_hp_gain":0,"max_hp_loss":0,"event_name":"Drug Dealer","floor":22,"gold_loss":0,"cards_obtained":["Dagger Throw","Envenom"]},{"cards_removed":["Neutralize"],"damage_healed":0,"gold_gain":0,"player_choice":"Removed Attack","damage_taken":0,"max_hp_gain":0,"max_hp_loss":0,"event_name":"Falling","floor":39,"gold_loss":0}],"is_beta":true,"boss_relics":[{"not_picked":["Empty Cage","Ring of the Serpent"],"picked":"Calling Bell"},{"not_picked":["Tiny House","Astrolabe"],"picked":"Cursed Key"}],"items_purged_floors":[2,38],"is_endless":false,"potions_floor_spawned":[1,3,11,14,19,20,24,37,44],"killed_by":"Giant Head","ascension_level":20}