{"gold_per_floor":[209,226,55,69,119,119,149,149,149,175,186,214,229,245,245,245],"floor_reached":16,"playtime":1358,"items_purged":[],"score":244,"play_id":"12d204cb-0930-438e-9acf-da8985ee4cc8","local_time":"20200530211000","is_ascension_mode":true,"campfire_choices":[{"data":"Riddle With Holes","floor":6,"key":"SMITH"},{"data":"Dagger Spray","floor":8,"key":"SMITH"},{"floor":15,"key":"REST"}],"neow_cost":"NONE","seed_source_timestamp":107527588201705,"circlet_count":0,"master_deck":["AscendersBane","Strike_G+1","Strike_G","Strike_G+1","Strike_G","Strike_G","Defend_G","Defend_G","Defend_G","Defend_G","Defend_G","Survivor","Neutralize","Dagger Throw","Dagger Spray+1","Terror","Well Laid Plans","Riddle With Holes+1","PiercingWail","Malaise","Crippling Poison"],"relics":["Ring of the Snake","Mummified Hand","Singing Bowl","Whetstone","Question Card"],"potions_floor_usage":[7,11,12,16,16],"damage_taken":[{"damage":1,"enemies":"Small Slimes","floor":1,"turns":3},{"damage":3,"enemies":"Cultist","floor":2,"turns":4},{"damage":2,"enemies":"Jaw Worm","floor":4,"turns":3},{"damage":17,"enemies":"3 Sentries","floor":7,"turns":6},{"damage":8,"enemies":"Gremlin Nob","floor":10,"turns":3},{"damage":5,"enemies":"Exordium Thugs","floor":11,"turns":4},{"damage":19,"enemies":"3 Sentries","floor":12,"turns":8},{"damage":1,"enemies":"Looter","floor":13,"turns":4},{"damage":2,"enemies":"Lots of Slimes","floor":14,"turns":4},{"damage":28,"enemies":"Slime Boss","floor":16,"turns":8}],"seed_played":"-7479242131971310994","potions_obtained":[{"floor":1,"key":"Dexterity Potion"},{"floor":7,"key":"SpeedPotion"},{"floor":11,"key":"SneckoOil"},{"floor":13,"key":"PowerPotion"}],"is_trial":false,"path_per_floor":["M","M","$","M","?","R","E","R","T","E","M","E","M","M","R","B"],"character_chosen":"THE_SILENT","items_purchased":["Terror","Well Laid Plans","Explosive Potion"],"campfire_rested":1,"item_purchase_floors":[3,3,3],"current_hp_per_floor":[58,55,55,53,53,53,36,36,36,30,25,6,7,7,28,0],"gold":245,"neow_bonus":"HUNDRED_GOLD","is_prod":false,"is_daily":false,"chose_seed":false,"campfire_upgraded":2,"win_rate":0,"timestamp":1590898200,"path_taken":["M","M","$","M","?","R","E","R","T","E","M","E","?","M","R","BOSS"],"build_version":"2020-05-27","purchased_purges":0,"victory":false,"max_hp_per_floor":[66,66,66,66,66,66,66,66,66,68,68,68,70,72,72,72],"card_choices":[{"not_picked":["Backflip","Quick Slash"],"picked":"Dagger Throw","floor":1},{"not_picked":["Dagger Throw","Underhanded Strike"],"picked":"Dagger Spray","floor":2},{"not_picked":["Deadly Poison","Caltrops"],"picked":"Riddle With Holes","floor":4},{"not_picked":["Blade Dance","Cloak And Dagger"],"picked":"PiercingWail","floor":7},{"not_picked":["Heel Hook","Backflip","Calculated Gamble"],"picked":"Singing Bowl","floor":10},{"not_picked":["Endless Agony","Outmaneuver"],"picked":"Malaise","floor":11},{"not_picked":["Endless Agony","Backflip"],"picked":"Crippling Poison","floor":12},{"not_picked":["Quick Slash","Slice","Dagger Spray","Prepared"],"picked":"Singing Bowl","floor":13},{"not_picked":["Distraction","Flying Knee","Sucker Punch","Quick Slash"],"picked":"Singing Bowl","floor":14}],"player_experience":2406852,"relics_obtained":[{"floor":7,"key":"Mummified Hand"},{"floor":9,"key":"Singing Bowl"},{"floor":10,"key":"Whetstone"},{"floor":12,"key":"Question Card"}],"event_choices":[{"damage_healed":0,"gold_gain":50,"player_choice":"Pray","damage_taken":0,"max_hp_gain":0,"max_hp_loss":0,"event_name":"Golden Shrine","floor":5,"gold_loss":0}],"is_beta":true,"boss_relics":[],"items_purged_floors":[],"is_endless":false,"potions_floor_spawned":[1,7,11,13],"killed_by":"Slime Boss","ascension_level":20}