{"gold_per_floor":[110,127,127,137,10,10,36,36,61,74,90,90,111,144,144,243,243,201,10,26,26,50,88,88,88,138,138],"floor_reached":27,"playtime":2406,"items_purged":["Strike_G"],"score":486,"play_id":"6ae6cd68-ba61-4c4a-89db-eb7a9b88cf16","local_time":"20200531204200","is_ascension_mode":true,"campfire_choices":[{"data":"Dagger Spray","floor":6,"key":"SMITH"},{"data":"A Thousand Cuts","floor":8,"key":"SMITH"},{"data":"Neutralize","floor":15,"key":"SMITH"},{"floor":25,"key":"REST"}],"neow_cost":"NONE","seed_source_timestamp":1772494142523,"circlet_count":0,"master_deck":["AscendersBane","Strike_G","Defend_G","Defend_G","Defend_G","Defend_G","Defend_G","Survivor","Neutralize+1","Flying Knee","Well Laid Plans","Dash","Dagger Spray+1","A Thousand Cuts+1","PiercingWail","Leg Sweep","Backflip","Malaise","Caltrops+1","Poisoned Stab","Noxious Fumes+1","Necronomicurse","Cloak And Dagger","Bouncing Flask+1","Doppelganger","Backstab","Regret"],"relics":["Ring of the Snake","Boot","Smiling Mask","Golden Idol","Pantograph","Cursed Key","Vajra","Necronomicon","Bronze Scales","Bag of Marbles"],"potions_floor_usage":[7,14,14,20,22,23],"damage_taken":[{"damage":0,"enemies":"Cultist","floor":1,"turns":4},{"damage":4,"enemies":"Jaw Worm","floor":2,"turns":6},{"damage":2,"enemies":"Small Slimes","floor":4,"turns":4},{"damage":10,"enemies":"3 Sentries","floor":7,"turns":11},{"damage":3,"enemies":"Blue Slaver","floor":10,"turns":4},{"damage":2,"enemies":"2 Fungi Beasts","floor":11,"turns":3},{"damage":0,"enemies":"3 Louse","floor":13,"turns":3},{"damage":6,"enemies":"Lagavulin","floor":14,"turns":8},{"damage":20,"enemies":"The Guardian","floor":16,"turns":15},{"damage":18,"enemies":"2 Thieves","floor":18,"turns":5},{"damage":3,"enemies":"Shell Parasite","floor":20,"turns":6},{"damage":6,"enemies":"Centurion and Healer","floor":22,"turns":6},{"damage":6,"enemies":"Gremlin Leader","floor":23,"turns":6},{"damage":27,"enemies":"3 Cultists","floor":27,"turns":3}],"seed_played":"2194225481665735261","potions_obtained":[{"floor":0,"key":"BlessingOfTheForge"},{"floor":0,"key":"FearPotion"},{"floor":1,"key":"PowerPotion"},{"floor":7,"key":"Swift Potion"},{"floor":10,"key":"AttackPotion"},{"floor":14,"key":"Fruit Juice"},{"floor":18,"key":"EssenceOfSteel"},{"floor":20,"key":"LiquidMemories"}],"is_trial":false,"path_per_floor":["M","M","?","M","$","R","E","R","T","M","M","?","M","E","R","B",null,"M","$","M","?","M","E","?","R","T","M"],"character_chosen":"THE_SILENT","items_purchased":["Dagger Spray","Vajra","Poisoned Stab"],"campfire_rested":1,"item_purchase_floors":[5,19,19],"current_hp_per_floor":[59,55,55,53,53,53,43,43,43,40,38,38,38,32,32,37,54,36,36,38,17,11,5,5,24,24,0],"gold":138,"neow_bonus":"THREE_SMALL_POTIONS","is_prod":false,"is_daily":false,"chose_seed":false,"campfire_upgraded":3,"win_rate":0,"timestamp":1590982920,"path_taken":["M","?","?","M","?","R","E","R","T","M","M","?","M","E","R","BOSS","M","$","M","?","M","E","?","R","T","M"],"build_version":"2020-05-27","purchased_purges":1,"victory":false,"max_hp_per_floor":[66,66,66,66,66,66,66,66,66,66,66,60,60,60,60,60,60,60,60,65,65,65,65,65,65,65,65],"card_choices":[{"not_picked":["Cloak And Dagger","Quick Slash"],"picked":"Flying Knee","floor":1},{"not_picked":["Sucker Punch","Choke"],"picked":"Well Laid Plans","floor":2},{"not_picked":["Poisoned Stab","Deadly Poison"],"picked":"Dash","floor":4},{"not_picked":["Backflip","Prepared"],"picked":"A Thousand Cuts","floor":7},{"not_picked":["Flechettes","Deflect"],"picked":"PiercingWail","floor":10},{"not_picked":["Backflip","Bane"],"picked":"Leg Sweep","floor":11},{"not_picked":["Expertise","Prepared"],"picked":"Backflip","floor":13},{"not_picked":["Dagger Spray","Riddle With Holes","Dagger Throw"],"picked":"SKIP","floor":14},{"not_picked":["Grand Finale","Tools of the Trade"],"picked":"Malaise","floor":16},{"not_picked":["Calculated Gamble","Endless Agony+1"],"picked":"Caltrops+1","floor":18},{"not_picked":["Dash+1","Dodge and Roll"],"picked":"Noxious Fumes+1","floor":20},{"not_picked":["Deflect","Deadly Poison"],"picked":"Cloak And Dagger","floor":22},{"not_picked":["Cloak And Dagger","Storm of Steel"],"picked":"Bouncing Flask+1","floor":23}],"player_experience":2422050,"relics_obtained":[{"floor":7,"key":"Boot"},{"floor":9,"key":"Smiling Mask"},{"floor":14,"key":"Pantograph"},{"floor":21,"key":"Necronomicon"},{"floor":23,"key":"Bronze Scales"},{"floor":26,"key":"Bag of Marbles"}],"event_choices":[{"cards_removed":["Strike_G"],"damage_healed":0,"gold_gain":0,"player_choice":"Offered Basic","damage_taken":0,"max_hp_gain":0,"max_hp_loss":0,"event_name":"Bonfire Elementals","floor":3,"gold_loss":0},{"damage_healed":0,"gold_gain":0,"player_choice":"Lose Max HP","damage_taken":0,"relics_obtained":["Golden Idol"],"max_hp_gain":0,"max_hp_loss":6,"event_name":"Golden Idol","floor":12,"gold_loss":0},{"damage_healed":0,"gold_gain":0,"player_choice":"Obtained Book","damage_taken":21,"max_hp_gain":0,"max_hp_loss":0,"event_name":"Cursed Tome","floor":21,"gold_loss":0},{"damage_healed":0,"gold_gain":0,"cards_transformed":["Strike_G","Strike_G"],"player_choice":"Became Test Subject","damage_taken":0,"max_hp_gain":0,"max_hp_loss":0,"event_name":"Drug Dealer","floor":24,"gold_loss":0,"cards_obtained":["Doppelganger","Backstab"]}],"is_beta":true,"boss_relics":[{"not_picked":["Fusion Hammer","HoveringKite"],"picked":"Cursed Key"}],"items_purged_floors":[5],"is_endless":false,"potions_floor_spawned":[1,4,7,10,14,18,20],"killed_by":"3 Cultists","ascension_level":20}