{"gold_per_floor":[114,114,132,152,152,152,181,181],"floor_reached":8,"playtime":408,"items_purged":[],"score":112,"play_id":"001b5ef8-4548-4413-b38c-ea23f1bdee37","local_time":"20200530233831","is_ascension_mode":true,"campfire_choices":[{"data":"Quick Slash","floor":6,"key":"SMITH"}],"neow_cost":"NONE","seed_source_timestamp":111975047797940,"circlet_count":0,"master_deck":["AscendersBane","Strike_G","Strike_G","Strike_G","Strike_G","Defend_G","Defend_G","Defend_G","Defend_G","Defend_G","Survivor","Neutralize+1","Bouncing Flask","Quick Slash+1","Die Die Die"],"relics":["Ring of the Snake","NeowsBlessing","Art of War"],"potions_floor_usage":[8],"damage_taken":[{"damage":0,"enemies":"2 Louse","floor":1,"turns":2},{"damage":0,"enemies":"Cultist","floor":3,"turns":1},{"damage":0,"enemies":"Small Slimes","floor":4,"turns":1},{"damage":56,"enemies":"3 Sentries","floor":7,"turns":16},{"damage":5,"enemies":"Gremlin Gang","floor":8,"turns":1}],"seed_played":"4679759823140491106","potions_obtained":[{"floor":7,"key":"Swift Potion"}],"is_trial":false,"path_per_floor":["M","?","M","M","?","R","E","M"],"character_chosen":"THE_SILENT","items_purchased":[],"campfire_rested":0,"item_purchase_floors":[],"current_hp_per_floor":[59,59,59,59,59,59,3,0],"gold":181,"neow_bonus":"THREE_ENEMY_KILL","is_prod":false,"is_daily":false,"chose_seed":false,"campfire_upgraded":1,"win_rate":0,"timestamp":1590907111,"path_taken":["M","?","M","?","?","R","E","?"],"build_version":"2020-05-27","purchased_purges":0,"victory":false,"max_hp_per_floor":[66,66,66,66,66,66,66,66],"card_choices":[{"not_picked":["Dodge and Roll","Prepared","Masterful Stab"],"picked":"SKIP","floor":1},{"not_picked":["Footwork","Reflex"],"picked":"Bouncing Flask","floor":3},{"not_picked":["Bane","Deadly Poison"],"picked":"Quick Slash","floor":4},{"not_picked":["Reflex","Backflip"],"picked":"Die Die Die","floor":7}],"player_experience":2408210,"relics_obtained":[{"floor":7,"key":"Art of War"}],"event_choices":[{"damage_healed":0,"gold_gain":0,"player_choice":"Upgraded","damage_taken":0,"max_hp_gain":0,"max_hp_loss":0,"event_name":"Upgrade Shrine","floor":2,"gold_loss":0,"cards_upgraded":["Neutralize"]},{"cards_removed":["Strike_G"],"damage_healed":0,"gold_gain":0,"player_choice":"Purged","damage_taken":0,"max_hp_gain":0,"max_hp_loss":0,"event_name":"Purifier","floor":5,"gold_loss":0}],"is_beta":true,"boss_relics":[],"items_purged_floors":[],"is_endless":false,"potions_floor_spawned":[7],"killed_by":"Gremlin Gang","ascension_level":20}