{"gold_per_floor":[109,119,133,133,133,133,158,178,178,192,192,40,40,58,58,133,133,147,127,147,164,164,164,191,191],"floor_reached":25,"playtime":2088,"items_purged":["Strike_G"],"score":450,"play_id":"1933d799-a175-4c80-8574-f7437f87ea08","local_time":"20200802143842","is_ascension_mode":true,"campfire_choices":[{"data":"Neutralize","floor":6,"key":"SMITH"},{"data":"Bouncing Flask","floor":11,"key":"SMITH"},{"floor":13,"key":"REST"},{"data":"Skewer","floor":15,"key":"SMITH"},{"floor":23,"key":"REST"}],"neow_cost":"NONE","seed_source_timestamp":607069443789443,"circlet_count":0,"master_deck":["AscendersBane","Strike_G","Strike_G","Defend_G","Defend_G","Defend_G","Defend_G","Defend_G","Survivor","Neutralize+1","Footwork","Quick Slash+1","Skewer+1","PiercingWail","Bouncing Flask+1","Well Laid Plans","Wraith Form v2","Glass Knife","Cloak And Dagger+1","Malaise","Choke","Burst"],"relics":["Ring of the Snake","Bag of Marbles","Bottled Flame","Mercury Hourglass","Runic Pyramid","Eternal Feather"],"potions_floor_usage":[7,14,16,20,24],"damage_taken":[{"damage":2,"enemies":"Jaw Worm","floor":1,"turns":5},{"damage":3,"enemies":"2 Louse","floor":2,"turns":5},{"damage":0,"enemies":"Cultist","floor":3,"turns":4},{"damage":30,"enemies":"Gremlin Nob","floor":7,"turns":4},{"damage":13,"enemies":"Exordium Thugs","floor":8,"turns":6},{"damage":0,"enemies":"3 Louse","floor":10,"turns":2},{"damage":0,"enemies":"Exordium Wildlife","floor":14,"turns":5},{"damage":8,"enemies":"The Guardian","floor":16,"turns":11},{"damage":18,"enemies":"Shell Parasite","floor":18,"turns":6},{"damage":13,"enemies":"2 Thieves","floor":19,"turns":4},{"damage":17,"enemies":"Chosen and Byrds","floor":20,"turns":9},{"damage":0,"enemies":"Centurion and Healer","floor":21,"turns":7},{"damage":24,"enemies":"Book of Stabbing","floor":24,"turns":9},{"damage":4,"enemies":"Shelled Parasite and Fungi","floor":25,"turns":1}],"seed_played":"6761523747796621299","potions_obtained":[{"floor":2,"key":"Poison Potion"},{"floor":8,"key":"SneckoOil"},{"floor":14,"key":"SkillPotion"},{"floor":18,"key":"Ancient Potion"},{"floor":21,"key":"AttackPotion"}],"is_trial":false,"path_per_floor":["M","M","M","?","?","R","E","M","T","M","R","$","R","M","R","B",null,"M","M","M","M","?","R","E","M"],"character_chosen":"THE_SILENT","items_purchased":["Well Laid Plans"],"campfire_rested":2,"item_purchase_floors":[12],"current_hp_per_floor":[57,54,54,54,54,54,24,11,11,11,11,11,30,30,30,22,55,37,24,7,7,7,26,2,0],"gold":191,"neow_bonus":"RANDOM_COMMON_RELIC","is_prod":false,"is_daily":false,"chose_seed":false,"campfire_upgraded":3,"win_rate":0,"timestamp":1596404322,"path_taken":["M","M","M","?","?","R","E","M","T","M","R","?","R","M","R","BOSS","M","?","M","M","?","R","E","M"],"build_version":"2020-07-30","purchased_purges":1,"victory":false,"max_hp_per_floor":[66,66,66,66,66,66,66,66,66,66,66,66,66,66,66,66,66,66,66,66,66,66,66,66,66],"card_choices":[{"not_picked":["Sucker Punch","Deadly Poison","Slice"],"picked":"SKIP","floor":1},{"not_picked":["Underhanded Strike","Outmaneuver"],"picked":"Footwork","floor":2},{"not_picked":["Prepared","Flying Knee"],"picked":"Quick Slash","floor":3},{"not_picked":["Deflect","Deadly Poison"],"picked":"Skewer","floor":7},{"not_picked":["Blade Dance","Acrobatics"],"picked":"PiercingWail","floor":8},{"not_picked":["Cloak And Dagger","Underhanded Strike"],"picked":"Bouncing Flask","floor":10},{"not_picked":["PiercingWail","Bouncing Flask"],"picked":"Wraith Form v2","floor":14},{"not_picked":["Unload","Venomology"],"picked":"Glass Knife","floor":16},{"not_picked":["Blade Dance","Infinite Blades","Expertise"],"picked":"SKIP","floor":18},{"not_picked":["Terror","Poisoned Stab"],"picked":"Cloak And Dagger+1","floor":19},{"not_picked":["Backflip","Cloak And Dagger","Setup"],"picked":"SKIP","floor":20},{"not_picked":["Slice","Bouncing Flask","Sucker Punch"],"picked":"SKIP","floor":21},{"not_picked":["Prepared","Terror"],"picked":"Burst","floor":24}],"player_experience":2514851,"relics_obtained":[{"floor":7,"key":"Bottled Flame"},{"floor":9,"key":"Mercury Hourglass"},{"floor":24,"key":"Eternal Feather"}],"event_choices":[{"damage_healed":0,"gold_gain":0,"player_choice":"Grow","damage_taken":0,"max_hp_gain":0,"max_hp_loss":0,"event_name":"Living Wall","floor":4,"gold_loss":0,"cards_upgraded":["Quick Slash"]},{"damage_healed":0,"gold_gain":0,"player_choice":"Ignored","damage_taken":0,"max_hp_gain":0,"max_hp_loss":0,"event_name":"Liars Game","floor":5,"gold_loss":0},{"damage_healed":0,"gold_gain":0,"cards_transformed":["Strike_G","Strike_G"],"player_choice":"Became Test Subject","damage_taken":0,"max_hp_gain":0,"max_hp_loss":0,"event_name":"Drug Dealer","floor":22,"gold_loss":0,"cards_obtained":["Malaise","Choke"]}],"is_beta":true,"boss_relics":[{"not_picked":["Tiny House","Velvet Choker"],"picked":"Runic Pyramid"}],"items_purged_floors":[12],"is_endless":false,"potions_floor_spawned":[2,8,14,18,21],"killed_by":"Shelled Parasite and Fungi","ascension_level":20}