{"gold_per_floor":[113,127,38,38,38,72,72,102,102,114,114,149,149,189,189,272,272,299,70,84,129,138,138],"floor_reached":23,"playtime":1140,"items_purged":["Strike_G"],"score":505,"play_id":"f90d559b-c62d-40f6-9d96-ca2046758d4b","local_time":"20200804232503","is_ascension_mode":true,"campfire_choices":[{"data":"Dagger Spray","floor":7.0,"key":"SMITH"},{"floor":13.0,"key":"REST"},{"data":"Noxious Fumes","floor":15,"key":"SMITH"}],"neow_cost":"NONE","seed_source_timestamp":727607449466479,"circlet_count":0,"master_deck":["AscendersBane","Defend_G","Defend_G","Defend_G","Defend_G","Defend_G","Survivor","Neutralize","Dagger Throw","Quick Slash","Noxious Fumes+1","Dagger Spray+1","Crippling Poison","After Image","Glass Knife","Deflect+1","Dash","Bite","Bite","Bite","Bite","Bite","Writhe"],"special_seed":0,"relics":["Ring of the Snake","NeowsBlessing","Ice Cream","Snake Skull","FossilizedHelix","CeramicFish","Black Star","Membership Card","Singing Bowl"],"potions_floor_usage":[23],"damage_taken":[{"damage":0.0,"enemies":"Small Slimes","floor":1.0,"turns":1.0},{"damage":0.0,"enemies":"2 Louse","floor":2.0,"turns":1.0},{"damage":0.0,"enemies":"3 Sentries","floor":6.0,"turns":1.0},{"damage":32.0,"enemies":"Gremlin Nob","floor":8.0,"turns":4.0},{"damage":0.0,"enemies":"Cultist","floor":10.0,"turns":3.0},{"damage":10.0,"enemies":"Lagavulin","floor":12.0,"turns":6.0},{"damage":7,"enemies":"3 Sentries","floor":14,"turns":6},{"damage":33,"enemies":"Slime Boss","floor":16,"turns":10},{"damage":34,"enemies":"Spheric Guardian","floor":18,"turns":6},{"damage":5,"enemies":"Chosen","floor":20,"turns":5},{"damage":44,"enemies":"Book of Stabbing","floor":23,"turns":7}],"seed_played":"-1140822109040064049","potions_obtained":[{"floor":2.0,"key":"GhostInAJar"},{"floor":10.0,"key":"GamblersBrew"},{"floor":11.0,"key":"Poison Potion"},{"floor":16,"key":"FairyPotion"}],"is_trial":false,"path_per_floor":["M","M","$","?","?","E","R","E","T","M","?","E","R","E","R","B",null,"M","$","M","?","?","E"],"character_chosen":"THE_SILENT","items_purchased":["Noxious Fumes","Membership Card","Dash"],"campfire_rested":1,"item_purchase_floors":[3,19,19],"current_hp_per_floor":[59,59,59,64,64,64,64,32,32,32,32,22,43,36,36,3,54,20,20,15,15,15,0],"gold":138,"neow_bonus":"THREE_ENEMY_KILL","is_prod":false,"is_daily":false,"chose_seed":false,"campfire_upgraded":2,"win_rate":0,"timestamp":1596608703,"path_taken":["M","M","$","?","?","E","R","E","T","M","?","E","R","E","R","BOSS","M","$","?","?","?","E"],"build_version":"2020-07-30","purchased_purges":1,"victory":false,"max_hp_per_floor":[66,66,66,71,71,71,71,71,71,71,71,71,71,71,71,71,71,71,71,71,49,49,49],"card_choices":[{"not_picked":["Dodge and Roll","Quick Slash"],"picked":"Dagger Throw","floor":1.0},{"not_picked":["Backflip","Escape Plan"],"picked":"Quick Slash","floor":2.0},{"not_picked":["Bane","Masterful Stab"],"picked":"Dagger Spray","floor":6.0},{"not_picked":["Bane","All Out Attack","Underhanded Strike"],"picked":"SKIP","floor":8.0},{"not_picked":["Sucker Punch","Dagger Throw","Prepared"],"picked":"SKIP","floor":10.0},{"not_picked":["Sucker Punch","Dagger Throw","Prepared"],"picked":"SKIP","floor":10.0},{"not_picked":["Acrobatics","Dagger Spray"],"picked":"Crippling Poison","floor":12.0},{"not_picked":["Acrobatics","Calculated Gamble"],"picked":"After Image","floor":14},{"not_picked":["Bullet Time","Phantasmal Killer"],"picked":"Glass Knife","floor":16},{"not_picked":["Underhanded Strike","Reflex+1"],"picked":"Deflect+1","floor":18},{"not_picked":["Riddle With Holes","Bane","Dodge and Roll"],"picked":"SKIP","floor":20}],"player_experience":2539383,"relics_obtained":[{"floor":6.0,"key":"Ice Cream"},{"floor":8.0,"key":"Snake Skull"},{"floor":12.0,"key":"FossilizedHelix"},{"floor":14,"key":"CeramicFish"}],"event_choices":[{"damage_healed":0.0,"max_hp_gain":5.0,"max_hp_loss":0.0,"gold_gain":0.0,"event_name":"Big Fish","player_choice":"Donut","floor":4.0,"gold_loss":0.0,"damage_taken":0.0},{"damage_healed":0.0,"max_hp_gain":0.0,"max_hp_loss":0.0,"gold_gain":0.0,"event_name":"Liars Game","player_choice":"Ignored","floor":5.0,"gold_loss":0.0,"damage_taken":0.0},{"damage_healed":0.0,"max_hp_gain":0.0,"max_hp_loss":0.0,"gold_gain":0.0,"event_name":"Lab","player_choice":"Got Potions","floor":11.0,"gold_loss":0.0,"damage_taken":0.0},{"damage_healed":0,"gold_gain":0,"player_choice":"Became a vampire","damage_taken":0,"max_hp_gain":0,"max_hp_loss":22,"event_name":"Vampires","floor":21,"gold_loss":0,"cards_obtained":["Bite","Bite","Bite","Bite","Bite"]},{"damage_healed":0,"gold_gain":0,"player_choice":"Opened","damage_taken":0,"relics_obtained":["Singing Bowl"],"max_hp_gain":0,"max_hp_loss":0,"event_name":"The Mausoleum","floor":22,"gold_loss":0,"cards_obtained":["Writhe"]}],"is_beta":true,"boss_relics":[{"not_picked":["Busted Crown","SacredBark"],"picked":"Black Star"}],"items_purged_floors":[19],"is_endless":false,"potions_floor_spawned":[2,10,16,20],"killed_by":"Book of Stabbing","ascension_level":20}