{"gold_per_floor":[112,131,131,151,176,176,202,202,229,229,261,274,274,294,294,365,365,385,385,385,412,26,26,59,73,73,73,102,116,132,147,147,223,223,234,234,36,56,68,68,68,85,111,111],"floor_reached":44,"playtime":2553,"items_purged":["Strike_G"],"score":876,"play_id":"d5cc0984-27fc-4b26-8a57-55c41592af35","local_time":"20201105202430","is_ascension_mode":true,"campfire_choices":[{"data":"Predator","floor":6.0,"key":"SMITH"},{"data":"Poisoned Stab","floor":10.0,"key":"SMITH"},{"data":"Predator","floor":13,"key":"SMITH"},{"data":"Dagger Spray","floor":15,"key":"SMITH"},{"data":"Malaise","floor":23,"key":"SMITH"},{"floor":27,"key":"REST"},{"floor":32,"key":"REST"},{"data":"Footwork","floor":40,"key":"SMITH"}],"neow_cost":"NONE","seed_source_timestamp":1884098261391800,"circlet_count":0,"master_deck":["AscendersBane","Strike_G","Strike_G","Strike_G","Defend_G+1","Defend_G","Defend_G","Defend_G+1","Defend_G","Survivor","Neutralize","Poisoned Stab+1","Predator+1","Crippling Poison+1","PiercingWail","Dagger Throw","Predator+1","Dagger Spray+1","Malaise+1","Well Laid Plans","Noxious Fumes","Malaise","Footwork+1","PiercingWail","Bouncing Flask","Bouncing Flask+1"],"special_seed":0,"relics":["Ring of the Snake","NeowsBlessing","Vajra","Tiny Chest","Potion Belt","Smiling Mask","SlaversCollar","Snake Skull","ClockworkSouvenir","Strawberry","War Paint","Lantern","Red Mask","Sozu","Lee\u0027s Waffle","Blood Vial"],"potions_floor_usage":[11,16,24,24,33,34,38,44],"damage_taken":[{"damage":0.0,"enemies":"2 Louse","floor":1.0,"turns":1.0},{"damage":0.0,"enemies":"Cultist","floor":2.0,"turns":1.0},{"damage":0.0,"enemies":"Jaw Worm","floor":4.0,"turns":1.0},{"damage":15.0,"enemies":"Lagavulin","floor":7.0,"turns":5.0},{"damage":6,"enemies":"Gremlin Nob","floor":11,"turns":3},{"damage":1,"enemies":"Blue Slaver","floor":12,"turns":2},{"damage":8,"enemies":"Gremlin Gang","floor":14,"turns":4},{"damage":14,"enemies":"Slime Boss","floor":16,"turns":7},{"damage":19,"enemies":"3 Byrds","floor":18,"turns":5},{"damage":16,"enemies":"Slavers","floor":24,"turns":4},{"damage":13,"enemies":"Chosen","floor":25,"turns":4},{"damage":13,"enemies":"Masked Bandits","floor":28,"turns":4},{"damage":3,"enemies":"Snake Plant","floor":29,"turns":4},{"damage":5,"enemies":"Centurion and Healer","floor":30,"turns":5},{"damage":0,"enemies":"3 Cultists","floor":31,"turns":3},{"damage":65,"enemies":"Automaton","floor":33,"turns":10},{"damage":7,"enemies":"3 Shapes","floor":35,"turns":6},{"damage":7,"enemies":"Orb Walker","floor":38,"turns":4},{"damage":11,"enemies":"3 Darklings","floor":39,"turns":5},{"damage":16,"enemies":"Maw","floor":42,"turns":8},{"damage":59,"enemies":"Reptomancer","floor":44,"turns":4}],"seed_played":"-235789767982834991","potions_obtained":[{"floor":2.0,"key":"DistilledChaos"},{"floor":7.0,"key":"PowerPotion"},{"floor":12,"key":"Fire Potion"},{"floor":16,"key":"SmokeBomb"},{"floor":20,"key":"Explosive Potion"},{"floor":20,"key":"SteroidPotion"},{"floor":25,"key":"FairyPotion"},{"floor":30,"key":"CunningPotion"},{"floor":31,"key":"LiquidMemories"},{"floor":33,"key":"EntropicBrew"}],"is_trial":false,"path_per_floor":["M","M","?","M","T","R","E","?","T","R","E","M","R","M","R","B",null,"M","?","?","T","$","R","E","M","T","R","?","M","M","M","R","B",null,"M","?","$","M","M","R","T","M","T","E"],"character_chosen":"THE_SILENT","items_purchased":["ClockworkSouvenir","Strawberry","Lee\u0027s Waffle","PiercingWail"],"campfire_rested":2,"item_purchase_floors":[22,22,37,37],"current_hp_per_floor":[59,59,59,59,59,59,44,44,44,44,38,37,37,29,29,15,53,34,34,34,34,41,41,25,12,12,33,20,17,12,12,33,21,60,53,53,80,73,62,62,62,46,46,0],"gold":111,"neow_bonus":"THREE_ENEMY_KILL","is_prod":false,"is_daily":false,"chose_seed":false,"campfire_upgraded":6,"win_rate":0,"timestamp":1604636670,"path_taken":["M","M","?","?","?","R","E","?","T","R","E","M","R","M","R","BOSS","M","?","?","?","$","R","E","?","T","R","?","M","M","M","R","BOSS","M","?","$","M","M","R","?","M","T","E"],"build_version":"2020-07-30","purchased_purges":1,"victory":false,"max_hp_per_floor":[66,66,66,66,66,66,66,66,66,66,66,66,66,66,66,66,66,66,66,66,66,73,73,73,73,73,73,73,73,73,73,73,73,73,73,73,80,80,80,80,80,80,80,80],"card_choices":[{"not_picked":["Outmaneuver","Dagger Throw"],"picked":"Poisoned Stab","floor":1.0},{"not_picked":["Deflect","Blur"],"picked":"Predator","floor":2.0},{"not_picked":["Sucker Punch","Prepared"],"picked":"PiercingWail","floor":4.0},{"not_picked":["Blade Dance","Endless Agony"],"picked":"Dagger Throw","floor":7.0},{"not_picked":["Accuracy","Infinite Blades"],"picked":"Predator","floor":11},{"not_picked":["Heel Hook","Prepared","Backflip"],"picked":"SKIP","floor":12},{"not_picked":["Underhanded Strike","Slice"],"picked":"Dagger Spray","floor":14},{"not_picked":["A Thousand Cuts","Bullet Time"],"picked":"Malaise","floor":16},{"not_picked":["Backflip","Tactician","Outmaneuver"],"picked":"SKIP","floor":18},{"not_picked":["Masterful Stab","Underhanded Strike","Calculated Gamble"],"picked":"SKIP","floor":24},{"not_picked":["Dagger Spray","Slice","Underhanded Strike+1"],"picked":"SKIP","floor":25},{"not_picked":["All Out Attack","Sucker Punch"],"picked":"Noxious Fumes","floor":29},{"not_picked":["Blade Dance","Bane+1","Setup"],"picked":"SKIP","floor":30},{"not_picked":["Heel Hook","Dagger Spray","Acrobatics"],"picked":"SKIP","floor":31},{"not_picked":["Night Terror","After Image"],"picked":"Malaise","floor":33},{"not_picked":["Tactician","Flying Knee+1"],"picked":"Footwork","floor":35},{"not_picked":["Underhanded Strike+1","Quick Slash","Outmaneuver"],"picked":"SKIP","floor":38},{"not_picked":["Riddle With Holes","Sucker Punch"],"picked":"Bouncing Flask","floor":39},{"not_picked":["Prepared","Endless Agony+1"],"picked":"Bouncing Flask+1","floor":42}],"player_experience":2655222,"relics_obtained":[{"floor":5.0,"key":"Vajra"},{"floor":7.0,"key":"Tiny Chest"},{"floor":9.0,"key":"Potion Belt"},{"floor":11,"key":"Smiling Mask"},{"floor":21,"key":"Snake Skull"},{"floor":24,"key":"War Paint"},{"floor":26,"key":"Lantern"},{"floor":28,"key":"Red Mask"},{"floor":43,"key":"Blood Vial"}],"event_choices":[{"damage_healed":0.0,"max_hp_gain":0.0,"max_hp_loss":0.0,"gold_gain":0.0,"cards_transformed":["Strike_G"],"event_name":"Transmorgrifier","player_choice":"Transformed","floor":3.0,"gold_loss":0.0,"damage_taken":0.0,"cards_obtained":["Crippling Poison"]},{"damage_healed":0.0,"max_hp_gain":0.0,"max_hp_loss":0.0,"gold_gain":0.0,"event_name":"Living Wall","player_choice":"Grow","floor":8.0,"gold_loss":0.0,"damage_taken":0.0,"cards_upgraded":["Crippling Poison"]},{"damage_healed":0,"gold_gain":0,"player_choice":"Read","damage_taken":0,"max_hp_gain":0,"max_hp_loss":0,"event_name":"The Library","floor":19,"gold_loss":0,"cards_obtained":["Well Laid Plans"]},{"damage_healed":0,"gold_gain":0,"player_choice":"Got Potions","damage_taken":0,"max_hp_gain":0,"max_hp_loss":0,"event_name":"Lab","floor":20,"gold_loss":0},{"damage_healed":0,"gold_gain":0,"player_choice":"Fought Bandits","damage_taken":0,"max_hp_gain":0,"max_hp_loss":0,"event_name":"Masked Bandits","floor":28,"gold_loss":0},{"damage_healed":0,"gold_gain":0,"player_choice":"Ignored","damage_taken":0,"max_hp_gain":0,"max_hp_loss":0,"event_name":"Mysterious Sphere","floor":36,"gold_loss":0}],"is_beta":true,"boss_relics":[{"not_picked":["Empty Cage","Ring of the Serpent"],"picked":"SlaversCollar"},{"not_picked":["SacredBark","Calling Bell"],"picked":"Sozu"}],"items_purged_floors":[22],"is_endless":false,"potions_floor_spawned":[2,7,12,16,25,30,31,33,35,39,42],"killed_by":"Reptomancer","ascension_level":20}