{"gold_per_floor":[111,125,140,99,24,24,55,55,55,55,83,83,158,177,177,177],"floor_reached":16,"playtime":675,"items_purged":["Strike_G"],"score":241,"play_id":"2744b144-214e-480c-aaf9-a10c8e46e7ff","local_time":"20201107223853","is_ascension_mode":true,"campfire_choices":[{"data":"Dagger Spray","floor":6,"key":"SMITH"},{"data":"Quick Slash","floor":8,"key":"SMITH"},{"floor":10,"key":"REST"},{"data":"Noxious Fumes","floor":15,"key":"SMITH"}],"neow_cost":"NONE","seed_source_timestamp":2066868427703900,"circlet_count":0,"master_deck":["AscendersBane","Strike_G","Strike_G","Strike_G","Strike_G","Defend_G","Defend_G","Defend_G","Defend_G","Defend_G","Survivor","Neutralize","Quick Slash+1","Dagger Spray+1","Dash","Well Laid Plans","Glass Knife","Noxious Fumes+1"],"relics":["Ring of the Snake","Mango","Bottled Flame","Blood Vial"],"potions_floor_usage":[11,11],"damage_taken":[{"damage":8,"enemies":"Cultist","floor":1,"turns":4},{"damage":9,"enemies":"Jaw Worm","floor":2,"turns":6},{"damage":0,"enemies":"2 Louse","floor":3,"turns":2},{"damage":39,"enemies":"Gremlin Nob","floor":7,"turns":6},{"damage":33,"enemies":"Lagavulin","floor":11,"turns":7},{"damage":4,"enemies":"Blue Slaver","floor":14,"turns":4},{"damage":26,"enemies":"The Guardian","floor":16,"turns":2}],"seed_played":"6434564951937455296","potions_obtained":[{"floor":2,"key":"Regen Potion"},{"floor":7,"key":"SkillPotion"},{"floor":11,"key":"SmokeBomb"}],"is_trial":false,"path_per_floor":["M","M","M","$","$","R","E","R","T","R","E","?","?","M","R","B"],"character_chosen":"THE_SILENT","items_purchased":["Well Laid Plans"],"campfire_rested":1,"item_purchase_floors":[4],"current_hp_per_floor":[57,48,48,48,48,48,23,23,23,48,30,30,19,17,17,0],"gold":177,"neow_bonus":"TEN_PERCENT_HP_BONUS","is_prod":false,"is_daily":false,"chose_seed":false,"campfire_upgraded":3,"win_rate":0,"timestamp":1604817533,"path_taken":["M","M","M","?","$","R","E","R","T","R","E","?","?","M","R","BOSS"],"build_version":"2020-07-30","purchased_purges":1,"victory":false,"max_hp_per_floor":[72,72,72,72,72,72,86,86,86,86,86,86,86,86,86,86],"card_choices":[{"not_picked":["PiercingWail","Underhanded Strike"],"picked":"Quick Slash","floor":1},{"not_picked":["Infinite Blades","Bane"],"picked":"Dagger Spray","floor":2},{"not_picked":["Blur","Choke"],"picked":"Dash","floor":3},{"not_picked":["Setup","Slice","Accuracy"],"picked":"SKIP","floor":7},{"not_picked":["Escape Plan","Finisher"],"picked":"Glass Knife","floor":11},{"not_picked":["Skewer","Prepared"],"picked":"Noxious Fumes","floor":14}],"player_experience":2699616,"relics_obtained":[{"floor":7,"key":"Mango"},{"floor":9,"key":"Bottled Flame"},{"floor":11,"key":"Blood Vial"}],"event_choices":[{"damage_healed":0,"gold_gain":0,"player_choice":"Ignored","damage_taken":0,"max_hp_gain":0,"max_hp_loss":0,"event_name":"Liars Game","floor":12,"gold_loss":0},{"damage_healed":0,"gold_gain":75,"player_choice":"Gather Gold","damage_taken":11,"max_hp_gain":0,"max_hp_loss":0,"event_name":"World of Goop","floor":13,"gold_loss":0}],"is_beta":true,"boss_relics":[],"items_purged_floors":[5],"is_endless":false,"potions_floor_spawned":[2,7,11],"killed_by":"The Guardian","ascension_level":20}