{"gold_per_floor":[118,118,134,148,165,165,198,198,245,14,89,137,137,137,137,215,215,235,252,252,152,168,168,182,24,48,81,27,27],"floor_reached":29,"playtime":1515,"items_purged":["Strike_G","Strike_G"],"score":482,"play_id":"4b151a14-91c7-49ca-8e8d-128c68ec0dca","local_time":"20201103000158","is_ascension_mode":true,"campfire_choices":[{"data":"Deadly Poison","floor":6.0,"key":"SMITH"},{"data":"Noxious Fumes","floor":8,"key":"SMITH"},{"data":"Glass Knife","floor":13,"key":"SMITH"},{"data":"Neutralize","floor":15,"key":"SMITH"},{"floor":23,"key":"REST"}],"neow_cost":"NONE","seed_source_timestamp":1638990529160000,"circlet_count":0,"master_deck":["AscendersBane","Strike_G","Strike_G","Strike_G","Defend_G","Defend_G","Defend_G","Defend_G","Defend_G","Survivor","Neutralize+1","Noxious Fumes+1","Deadly Poison+1","Well Laid Plans","Glass Knife+1","Glass Knife","Noxious Fumes","Backflip","Predator"],"special_seed":0,"relics":["Ring of the Snake","Gremlin Horn","Pen Nib","Snecko Eye","Nloth\u0027s Gift","Vajra","Centennial Puzzle","Bag of Marbles"],"potions_floor_usage":[7,24,27,27,29],"damage_taken":[{"damage":3.0,"enemies":"2 Louse","floor":1.0,"turns":4.0},{"damage":4.0,"enemies":"Jaw Worm","floor":3.0,"turns":5.0},{"damage":0.0,"enemies":"Cultist","floor":4.0,"turns":4.0},{"damage":9.0,"enemies":"Red Slaver","floor":5.0,"turns":6.0},{"damage":27,"enemies":"Gremlin Nob","floor":7,"turns":4},{"damage":25,"enemies":"The Guardian","floor":16,"turns":9},{"damage":0,"enemies":"Spheric Guardian","floor":18,"turns":3},{"damage":10,"enemies":"3 Byrds","floor":19,"turns":5},{"damage":9,"enemies":"Snecko","floor":22,"turns":5},{"damage":18,"enemies":"3 Cultists","floor":24,"turns":5},{"damage":18,"enemies":"Slavers","floor":27,"turns":7},{"damage":43,"enemies":"Book of Stabbing","floor":29,"turns":4}],"seed_played":"1557301650681812459","potions_obtained":[{"floor":3.0,"key":"BlessingOfTheForge"},{"floor":7,"key":"Energy Potion"},{"floor":16,"key":"Block Potion"},{"floor":19,"key":"DuplicationPotion"},{"floor":24,"key":"SteroidPotion"}],"is_trial":false,"path_per_floor":["M","?","M","M","M","R","E","R","T","$","?","T","R","?","R","B",null,"M","M","?","$","M","R","M","$","T","E","$","E"],"character_chosen":"THE_SILENT","items_purchased":["Glass Knife","Vajra","SteroidPotion"],"campfire_rested":1,"item_purchase_floors":[10,25,28],"current_hp_per_floor":[62,67,63,63,54,54,27,27,27,27,16,16,16,77,77,52,71,71,61,61,61,52,75,57,57,57,39,39,0],"gold":27,"neow_bonus":"TEN_PERCENT_HP_BONUS","is_prod":false,"is_daily":false,"chose_seed":false,"campfire_upgraded":4,"win_rate":0,"timestamp":1604390518,"path_taken":["M","?","M","M","M","R","E","R","T","$","?","?","R","?","R","BOSS","M","M","?","$","M","R","?","?","T","E","?","E"],"build_version":"2020-07-30","purchased_purges":2,"victory":false,"max_hp_per_floor":[72,77,77,77,77,77,77,77,77,77,77,77,77,77,77,77,77,77,77,77,77,77,77,77,77,77,77,77,77],"card_choices":[{"not_picked":["Flying Knee","Backflip"],"picked":"Noxious Fumes","floor":1.0},{"not_picked":["Choke","Blur","Deflect"],"picked":"SKIP","floor":3.0},{"not_picked":["Blur","Tactician","Sucker Punch"],"picked":"SKIP","floor":4.0},{"not_picked":["Deflect","Bane"],"picked":"Deadly Poison","floor":5.0},{"not_picked":["Blade Dance","Backstab"],"picked":"Well Laid Plans","floor":7},{"not_picked":["Bullet Time","Venomology"],"picked":"Glass Knife","floor":16},{"not_picked":["Bane","Concentrate"],"picked":"Noxious Fumes","floor":18},{"not_picked":["Poisoned Stab","Terror"],"picked":"Backflip","floor":19},{"not_picked":["Deadly Poison","Footwork"],"picked":"Predator","floor":22},{"not_picked":["Skewer","Accuracy","Dagger Throw"],"picked":"SKIP","floor":24},{"not_picked":["Slice+1","Phantasmal Killer","Distraction"],"picked":"SKIP","floor":27}],"player_experience":2631267,"relics_obtained":[{"floor":7,"key":"Gremlin Horn"},{"floor":9,"key":"Pen Nib"},{"floor":12,"key":"Juzu Bracelet"},{"floor":26,"key":"Centennial Puzzle"},{"floor":27,"key":"Bag of Marbles"}],"event_choices":[{"damage_healed":0.0,"max_hp_gain":5.0,"max_hp_loss":0.0,"gold_gain":0.0,"event_name":"Big Fish","player_choice":"Donut","floor":2.0,"gold_loss":0.0,"damage_taken":0.0},{"damage_healed":0,"gold_gain":75,"player_choice":"Gather Gold","damage_taken":11,"max_hp_gain":0,"max_hp_loss":0,"event_name":"World of Goop","floor":11,"gold_loss":0},{"damage_healed":61,"gold_gain":0,"player_choice":"Full Heal","damage_taken":0,"max_hp_gain":0,"max_hp_loss":0,"event_name":"Wheel of Change","floor":14,"gold_loss":0},{"damage_healed":0,"gold_gain":0,"player_choice":"Traded Relic","damage_taken":0,"relics_obtained":["Nloth\u0027s Gift"],"max_hp_gain":0,"max_hp_loss":0,"event_name":"N\u0027loth","floor":20,"relics_lost":["Juzu Bracelet"],"gold_loss":0}],"is_beta":true,"boss_relics":[{"not_picked":["Runic Dome","Sozu"],"picked":"Snecko Eye"}],"items_purged_floors":[10,21],"is_endless":false,"potions_floor_spawned":[3,7,16,19,22,24],"killed_by":"Book of Stabbing","ascension_level":20}