{"gold_per_floor":[113,163,8,22,38,38,65,65,65,93,72,85,85,100,100,100],"floor_reached":16,"playtime":960,"items_purged":[],"score":224,"play_id":"a10e6aaf-addf-4c4b-b367-718d5e6d42ae","local_time":"20201109124022","is_ascension_mode":true,"campfire_choices":[{"data":"Quick Slash","floor":6,"key":"SMITH"},{"floor":8,"key":"REST"},{"data":"Quick Slash","floor":15,"key":"SMITH"}],"neow_cost":"NONE","seed_source_timestamp":2203473754250700,"circlet_count":0,"master_deck":["AscendersBane","Strike_G+1","Strike_G","Strike_G","Strike_G","Strike_G+1","Defend_G","Defend_G","Defend_G","Defend_G","Defend_G","Survivor","Neutralize","Quick Slash+1","Wraith Form v2","Leg Sweep","Crippling Poison+1","PiercingWail","Quick Slash+1"],"relics":["Ring of the Snake","Whetstone","Sundial","PreservedInsect","Mercury Hourglass"],"potions_floor_usage":[7],"damage_taken":[{"damage":4,"enemies":"Small Slimes","floor":1,"turns":3},{"damage":0,"enemies":"Cultist","floor":4,"turns":3},{"damage":4,"enemies":"Jaw Worm","floor":5,"turns":3},{"damage":25,"enemies":"Lagavulin","floor":7,"turns":7},{"damage":13,"enemies":"3 Sentries","floor":10,"turns":9},{"damage":0,"enemies":"Exordium Thugs","floor":11,"turns":4},{"damage":3,"enemies":"3 Louse","floor":12,"turns":3},{"damage":5,"enemies":"Large Slime","floor":14,"turns":4},{"damage":42,"enemies":"The Guardian","floor":16,"turns":8}],"seed_played":"2776603883286908225","potions_obtained":[{"floor":1,"key":"SkillPotion"},{"floor":5,"key":"Ancient Potion"}],"is_trial":false,"path_per_floor":["M","?","$","M","M","R","E","R","T","E","M","M","?","M","R","B"],"character_chosen":"THE_SILENT","items_purchased":["Wraith Form v2"],"campfire_rested":1,"item_purchase_floors":[3],"current_hp_per_floor":[55,55,55,55,51,51,26,45,45,32,32,29,29,24,24,0],"gold":100,"neow_bonus":"RANDOM_COMMON_RELIC","is_prod":false,"is_daily":false,"chose_seed":false,"campfire_upgraded":2,"win_rate":0,"timestamp":1604954422,"path_taken":["M","?","?","M","M","R","E","R","T","E","M","?","?","M","R","BOSS"],"build_version":"2020-07-30","purchased_purges":0,"victory":false,"max_hp_per_floor":[66,66,66,66,66,66,66,66,66,66,66,66,66,66,66,66],"relic_stats":{"counters":[9,44],"Sundial":[4],"PreservedInsect":34,"Whetstone":["Strike_G","Strike_G"],"obtain_stats":[{"Sundial":7,"PreservedInsect":9,"Whetstone":0,"Ring of the Snake":0,"Mercury Hourglass":10},{"Sundial":4,"PreservedInsect":4,"Whetstone":0,"Ring of the Snake":0,"Mercury Hourglass":5},{"Sundial":16,"PreservedInsect":16,"Whetstone":0,"Ring of the Snake":0,"Mercury Hourglass":25}],"Ring of the Snake":[18],"Mercury Hourglass":[72]},"card_choices":[{"not_picked":["Acrobatics","Concentrate"],"picked":"Quick Slash","floor":1},{"not_picked":["Blade Dance","PiercingWail","Deflect"],"picked":"SKIP","floor":4},{"not_picked":["Setup","Dodge and Roll"],"picked":"Leg Sweep","floor":5},{"not_picked":["Backflip","Cloak And Dagger"],"picked":"Crippling Poison","floor":7},{"not_picked":["Grand Finale","Poisoned Stab"],"picked":"PiercingWail","floor":10},{"not_picked":["Infinite Blades","Acrobatics","Flying Knee"],"picked":"SKIP","floor":11},{"not_picked":["Concentrate","Finisher","Cloak And Dagger"],"picked":"SKIP","floor":12},{"not_picked":["Slice","Tactician"],"picked":"Quick Slash","floor":14}],"player_experience":2737136,"relics_obtained":[{"floor":7,"key":"Sundial"},{"floor":9,"key":"PreservedInsect"},{"floor":10,"key":"Mercury Hourglass"}],"event_choices":[{"damage_healed":0,"gold_gain":50,"player_choice":"Pray","damage_taken":0,"max_hp_gain":0,"max_hp_loss":0,"event_name":"Golden Shrine","floor":2,"gold_loss":0},{"damage_healed":0,"gold_gain":0,"player_choice":"Upgraded","damage_taken":0,"max_hp_gain":0,"max_hp_loss":0,"event_name":"Upgrade Shrine","floor":13,"gold_loss":0,"cards_upgraded":["Crippling Poison"]}],"is_beta":true,"boss_relics":[],"items_purged_floors":[],"is_endless":false,"potions_floor_spawned":[1,5],"killed_by":"The Guardian","ascension_level":20}