{"gold_per_floor":[111,127,46,64,64,95,95,95,166,209,224,239,239,41,41,136,136,157,178,178,178,228,563,563],"floor_reached":24,"playtime":1662,"items_purged":["Strike_G"],"score":448,"play_id":"79c4dee7-db0c-446b-b6b7-3d061a71f71e","local_time":"20201130195542","is_ascension_mode":true,"campfire_choices":[{"data":"Skewer","floor":7,"key":"SMITH"},{"data":"Dagger Spray","floor":13,"key":"SMITH"},{"data":"Grand Finale","floor":15,"key":"SMITH"}],"neow_cost":"NONE","seed_source_timestamp":1621366819445000,"circlet_count":0,"master_deck":["AscendersBane","Strike_G","Strike_G","Strike_G","Strike_G","Defend_G","Defend_G","Defend_G","Defend_G","Defend_G","Survivor","Neutralize","CurseOfTheBell","Dagger Throw","Dash","Grand Finale+1","Skewer+1","Dagger Spray+1","Well Laid Plans+1","Backflip","Leg Sweep","After Image","PiercingWail"],"relics":["Calling Bell","Strawberry","Question Card","TungstenRod","Golden Idol","Juzu Bracelet","Kunai","Smiling Mask","Busted Crown","Gremlin Horn","Old Coin"],"potions_floor_usage":[6,10,16,18,19,23],"damage_taken":[{"damage":2,"enemies":"Small Slimes","floor":1,"turns":5},{"damage":7,"enemies":"Jaw Worm","floor":2,"turns":5},{"damage":0,"enemies":"Cultist","floor":4,"turns":4},{"damage":45,"enemies":"Gremlin Nob","floor":6,"turns":5},{"damage":24,"enemies":"Lagavulin","floor":10,"turns":8},{"damage":1,"enemies":"Red Slaver","floor":11,"turns":3},{"damage":12,"enemies":"Exordium Thugs","floor":12,"turns":8},{"damage":22,"enemies":"Slime Boss","floor":16,"turns":5},{"damage":4,"enemies":"Chosen","floor":18,"turns":4},{"damage":13,"enemies":"Spheric Guardian","floor":19,"turns":4},{"damage":32,"enemies":"Slavers","floor":23,"turns":7},{"damage":2,"enemies":"Snake Plant","floor":24,"turns":2}],"seed_played":"-2591301153666201165","potions_obtained":[{"floor":2,"key":"GamblersBrew"},{"floor":6,"key":"LiquidMemories"},{"floor":12,"key":"SneckoOil"},{"floor":18,"key":"Swift Potion"},{"floor":19,"key":"Explosive Potion"}],"is_trial":false,"path_per_floor":["M","M","$","M","?","E","R","?","T","E","M","M","R","$","R","B",null,"M","M","?","T","?","E","M"],"character_chosen":"THE_SILENT","items_purchased":["All Out Attack","Backflip","Leg Sweep","Fire Potion"],"campfire_rested":0,"item_purchase_floors":[3,14,14,14],"current_hp_per_floor":[64,57,57,57,57,12,12,66,66,42,41,29,29,29,29,7,51,47,34,34,34,34,2,0],"gold":563,"neow_bonus":"BOSS_RELIC","is_prod":false,"is_daily":false,"chose_seed":false,"campfire_upgraded":3,"win_rate":0,"timestamp":1606794942,"path_taken":["M","M","$","M","?","E","R","?","T","E","M","M","R","$","R","BOSS","M","M","?","?","?","E","M"],"build_version":"2020-11-27","purchased_purges":1,"victory":false,"max_hp_per_floor":[73,73,73,73,66,66,66,66,66,66,66,66,66,66,66,66,66,66,66,66,66,66,66,66],"card_choices":[{"not_picked":["Sucker Punch","Underhanded Strike","Backflip"],"picked":"Dagger Throw","floor":1},{"not_picked":["Quick Slash","Slice","Sucker Punch"],"picked":"Dash","floor":2},{"not_picked":["Prepared","Sucker Punch","Flechettes"],"picked":"Grand Finale","floor":4},{"not_picked":["Dodge and Roll","Concentrate","Blur"],"picked":"Skewer","floor":6},{"not_picked":["Prepared","Quick Slash","Bane"],"picked":"Dagger Spray","floor":10},{"not_picked":["Outmaneuver","Bane","Burst"],"picked":"Well Laid Plans","floor":11},{"not_picked":["Slice","Caltrops","Poisoned Stab","Dagger Spray"],"picked":"SKIP","floor":12},{"not_picked":["Envenom","Burst","Venomology"],"picked":"After Image","floor":16},{"not_picked":["Sucker Punch","Deadly Poison"],"picked":"SKIP","floor":18},{"not_picked":["Blade Dance"],"picked":"PiercingWail","floor":19},{"not_picked":["Setup+1","Unload"],"picked":"SKIP","floor":23}],"player_experience":3022963,"relics_obtained":[{"floor":0,"key":"Strawberry"},{"floor":0,"key":"Question Card"},{"floor":0,"key":"TungstenRod"},{"floor":6,"key":"Juzu Bracelet"},{"floor":9,"key":"Kunai"},{"floor":10,"key":"Smiling Mask"},{"floor":21,"key":"Gremlin Horn"},{"floor":23,"key":"Old Coin"}],"event_choices":[{"damage_healed":0,"gold_gain":0,"player_choice":"Lose Max HP","damage_taken":0,"relics_obtained":["Golden Idol"],"max_hp_gain":0,"max_hp_loss":7,"event_name":"Golden Idol","floor":5,"gold_loss":0},{"cards_removed":["All Out Attack"],"damage_healed":54,"gold_gain":0,"player_choice":"Offered Uncommon","damage_taken":0,"max_hp_gain":0,"max_hp_loss":0,"event_name":"Bonfire Elementals","floor":8,"gold_loss":0},{"damage_healed":0,"gold_gain":0,"player_choice":"Upgraded","damage_taken":0,"max_hp_gain":0,"max_hp_loss":0,"event_name":"Upgrade Shrine","floor":20,"gold_loss":0,"cards_upgraded":["Well Laid Plans"]},{"damage_healed":0,"gold_gain":50,"player_choice":"Pray","damage_taken":0,"max_hp_gain":0,"max_hp_loss":0,"event_name":"Golden Shrine","floor":22,"gold_loss":0}],"is_beta":true,"boss_relics":[{"not_picked":["Black Star","Snecko Eye"],"picked":"Busted Crown"}],"items_purged_floors":[14],"is_endless":false,"potions_floor_spawned":[2,6,12,18,19],"killed_by":"Snake Plant","ascension_level":20}