{"gold_per_floor":[211,225,238,257,257,257,39,74,98,113,113,24,24,24,24,95,95,108,58,30,42,42,42,42,42,42,71,82,94,121,10,10,10],"floor_reached":33,"playtime":2450,"items_purged":["Strike_G"],"score":526,"play_id":"568a37c9-d8ad-43f6-9e0d-0a671e014fd5","local_time":"20201129125423","is_ascension_mode":true,"campfire_choices":[{"data":"Underhanded Strike","floor":6,"key":"SMITH"},{"data":"A Thousand Cuts","floor":11,"key":"SMITH"},{"data":"Calculated Gamble","floor":13,"key":"SMITH"},{"data":"Underhanded Strike","floor":15,"key":"SMITH"},{"floor":23,"key":"REST"},{"data":"Tools of the Trade","floor":25,"key":"SMITH"},{"floor":32,"key":"REST"}],"neow_cost":"NONE","seed_source_timestamp":1508898269560600,"circlet_count":0,"master_deck":["AscendersBane","Strike_G","Strike_G+1","Strike_G+1","Strike_G","Defend_G","Defend_G","Defend_G","Defend_G","Defend_G","Survivor","Neutralize","Underhanded Strike+1","Backstab","Footwork","Underhanded Strike+1","Concentrate","A Thousand Cuts+1","Eviscerate+1","Calculated Gamble+1","Tools of the Trade+1","PiercingWail","PiercingWail","Dodge and Roll","Dagger Throw"],"relics":["Ring of the Snake","Lantern","Bronze Scales","HoveringKite","InkBottle","Whetstone","Bag of Preparation"],"potions_floor_usage":[8,8,16,27,33,33],"damage_taken":[{"damage":2,"enemies":"Cultist","floor":1,"turns":4},{"damage":1,"enemies":"2 Louse","floor":2,"turns":4},{"damage":0,"enemies":"Jaw Worm","floor":3,"turns":3},{"damage":5,"enemies":"3 Louse","floor":4,"turns":5},{"damage":8,"enemies":"3 Sentries","floor":8,"turns":11},{"damage":5,"enemies":"Red Slaver","floor":10,"turns":3},{"damage":24,"enemies":"Hexaghost","floor":16,"turns":9},{"damage":25,"enemies":"2 Thieves","floor":18,"turns":5},{"damage":14,"enemies":"Spheric Guardian","floor":21,"turns":4},{"damage":29,"enemies":"Gremlin Leader","floor":27,"turns":6},{"damage":16,"enemies":"Shelled Parasite and Fungi","floor":28,"turns":4},{"damage":1,"enemies":"Snecko","floor":29,"turns":3},{"damage":36,"enemies":"Collector","floor":33,"turns":7}],"seed_played":"1500934468345005113","potions_obtained":[{"floor":4,"key":"DistilledChaos"},{"floor":10,"key":"SneckoOil"},{"floor":16,"key":"Explosive Potion"},{"floor":21,"key":"FairyPotion"},{"floor":28,"key":"Swift Potion"}],"is_trial":false,"path_per_floor":["M","M","M","M","?","R","$","E","T","M","R","$","R","$","R","B",null,"M","?","$","M","$","R","?","R","T","E","M","M","T","$","R","B"],"character_chosen":"THE_SILENT","items_purchased":["Concentrate","PowerPotion","Calculated Gamble","PiercingWail","Dagger Throw","SkillPotion"],"campfire_rested":2,"item_purchase_floors":[7,7,12,20,31,31],"current_hp_per_floor":[57,56,56,51,51,51,51,43,43,38,38,38,38,38,38,14,53,28,28,28,14,14,33,33,33,33,4,12,11,11,11,30,0],"gold":10,"neow_bonus":"HUNDRED_GOLD","is_prod":false,"is_daily":false,"chose_seed":false,"campfire_upgraded":5,"win_rate":0,"timestamp":1606683263,"path_taken":["M","M","M","?","?","R","$","E","T","M","R","$","R","?","R","BOSS","M","?","$","?","$","R","?","R","T","E","M","?","?","?","R","BOSS"],"build_version":"2020-11-27","purchased_purges":1,"victory":false,"max_hp_per_floor":[66,66,66,66,66,66,66,66,66,66,66,66,66,66,66,66,66,66,66,66,66,66,66,66,66,66,66,66,66,66,66,66,66],"card_choices":[{"not_picked":["Prepared","Bane"],"picked":"Underhanded Strike","floor":1},{"not_picked":["Deflect","Slice"],"picked":"Backstab","floor":2},{"not_picked":["Cloak And Dagger","Outmaneuver"],"picked":"Footwork","floor":3},{"not_picked":["Deflect","Sucker Punch"],"picked":"Underhanded Strike","floor":4},{"not_picked":["Flechettes","Calculated Gamble"],"picked":"A Thousand Cuts","floor":8},{"not_picked":["Cloak And Dagger","Masterful Stab"],"picked":"Eviscerate","floor":10},{"not_picked":["Venomology","Unload"],"picked":"Tools of the Trade","floor":16},{"not_picked":["Cloak And Dagger","Bouncing Flask","Dagger Spray"],"picked":"SKIP","floor":18},{"not_picked":["Prepared","Flying Knee"],"picked":"PiercingWail","floor":21},{"not_picked":["Endless Agony","Deadly Poison","Prepared"],"picked":"SKIP","floor":27},{"not_picked":["Blade Dance","Die Die Die","PiercingWail"],"picked":"SKIP","floor":28},{"not_picked":["Poisoned Stab","Backstab"],"picked":"Dodge and Roll","floor":29}],"player_experience":3009015,"relics_obtained":[{"floor":8,"key":"Lantern"},{"floor":9,"key":"Bronze Scales"},{"floor":26,"key":"InkBottle"},{"floor":27,"key":"Whetstone"},{"floor":30,"key":"Bag of Preparation"}],"event_choices":[{"damage_healed":0,"gold_gain":0,"player_choice":"Leave","damage_taken":0,"max_hp_gain":0,"max_hp_loss":0,"event_name":"The Cleric","floor":5,"gold_loss":0},{"damage_healed":0,"gold_gain":0,"player_choice":"Upgrade","damage_taken":0,"max_hp_gain":0,"max_hp_loss":0,"event_name":"Designer","floor":19,"gold_loss":50,"cards_upgraded":["Eviscerate"]},{"damage_healed":0,"gold_gain":0,"player_choice":"0 cards matched","damage_taken":0,"max_hp_gain":0,"max_hp_loss":0,"event_name":"Match and Keep!","floor":24,"gold_loss":0,"cards_obtained":[]}],"is_beta":true,"boss_relics":[{"not_picked":["Pandora\u0027s Box","SlaversCollar"],"picked":"HoveringKite"}],"items_purged_floors":[7],"is_endless":false,"potions_floor_spawned":[4,10,16,21,28],"killed_by":"Collector","ascension_level":20}