{"gold_per_floor":[362,372,352,369,54,54,71,71,71,87,0,14,14,14,14,14],"floor_reached":16,"playtime":562,"items_purged":[],"score":184,"play_id":"61bfb5b8-4abb-4a14-b551-e811e63fe952","local_time":"20201201192326","is_ascension_mode":true,"campfire_choices":[{"floor":6,"key":"DIG"},{"floor":8,"key":"DIG"},{"data":"Skewer","floor":13,"key":"SMITH"},{"floor":15,"key":"DIG"}],"neow_cost":"PERCENT_DAMAGE","seed_source_timestamp":1706933544091200,"circlet_count":0,"master_deck":["AscendersBane","Strike_G","Strike_G","Strike_G","Strike_G","Strike_G","Defend_G","Defend_G","Defend_G","Defend_G","Defend_G","Survivor","Neutralize","Noxious Fumes+1","Dagger Throw","Crippling Poison","Skewer+1","Dash"],"relics":["Ring of the Snake","Shovel","Tingsha","PreservedInsect","Dead Branch","Lantern"],"potions_floor_usage":[16,16],"damage_taken":[{"damage":0,"enemies":"Small Slimes","floor":1,"turns":4},{"damage":4,"enemies":"Cultist","floor":2,"turns":5},{"damage":0,"enemies":"Jaw Worm","floor":4,"turns":5},{"damage":11,"enemies":"Red Slaver","floor":7,"turns":5},{"damage":3,"enemies":"Looter","floor":10,"turns":3},{"damage":0,"enemies":"2 Fungi Beasts","floor":12,"turns":3},{"damage":27,"enemies":"Slime Boss","floor":16,"turns":6}],"seed_played":"-8799114646516915106","potions_obtained":[{"floor":1,"key":"BlessingOfTheForge"},{"floor":3,"key":"Dexterity Potion"},{"floor":4,"key":"Explosive Potion"}],"is_trial":false,"path_per_floor":["M","M","?","M","$","R","M","R","T","M","$","M","R","?","R","B"],"character_chosen":"THE_SILENT","items_purchased":["Shovel","Dash"],"campfire_rested":0,"item_purchase_floors":[5,11],"current_hp_per_floor":[44,40,40,40,40,40,29,29,29,26,26,26,26,26,26,0],"gold":14,"neow_bonus":"TWO_FIFTY_GOLD","is_prod":false,"is_daily":false,"chose_seed":false,"campfire_upgraded":1,"win_rate":0,"timestamp":1606879406,"path_taken":["M","M","?","M","$","R","?","R","T","M","?","M","R","?","R","BOSS"],"build_version":"2020-11-27","purchased_purges":0,"victory":false,"max_hp_per_floor":[66,66,66,66,66,66,66,66,66,66,66,66,66,66,66,66],"card_choices":[{"not_picked":["Dodge and Roll","Outmaneuver"],"picked":"Noxious Fumes","floor":1},{"not_picked":["Heel Hook","Concentrate"],"picked":"Dagger Throw","floor":2},{"not_picked":["Underhanded Strike","Dodge and Roll"],"picked":"Crippling Poison","floor":4},{"not_picked":["Storm of Steel","Concentrate"],"picked":"Skewer","floor":7},{"not_picked":["Riddle With Holes","Bouncing Flask","Dagger Throw"],"picked":"SKIP","floor":10},{"not_picked":["Choke","Catalyst","Skewer"],"picked":"SKIP","floor":12}],"player_experience":3040381,"relics_obtained":[{"floor":6,"key":"Tingsha"},{"floor":8,"key":"PreservedInsect"},{"floor":9,"key":"Dead Branch"},{"floor":15,"key":"Lantern"}],"event_choices":[{"damage_healed":0,"gold_gain":0,"player_choice":"Bought 1 Potion","damage_taken":0,"max_hp_gain":0,"max_hp_loss":0,"event_name":"The Woman in Blue","floor":3,"gold_loss":0},{"damage_healed":0,"gold_gain":0,"player_choice":"Upgraded","damage_taken":0,"max_hp_gain":0,"max_hp_loss":0,"event_name":"Upgrade Shrine","floor":14,"gold_loss":0,"cards_upgraded":["Noxious Fumes"]}],"is_beta":true,"boss_relics":[],"items_purged_floors":[],"is_endless":false,"potions_floor_spawned":[1,4,12],"killed_by":"Slime Boss","ascension_level":20}