{"gold_per_floor":[114,132,151,151,168,168,6,0,0,19,19,39,72,72,72,151,151,167,178,9,9,24,24,24,24],"floor_reached":25,"playtime":1752,"items_purged":[],"score":406,"play_id":"a1ce8bf7-9135-4ef3-b2d9-9d1e89e7bf06","local_time":"20201130124151","is_ascension_mode":true,"campfire_choices":[{"data":"Dagger Spray","floor":6.0,"key":"SMITH"},{"data":"Dagger Spray","floor":11.0,"key":"SMITH"},{"data":"Noxious Fumes","floor":15.0,"key":"SMITH"},{"data":"Wraith Form v2","floor":23,"key":"SMITH"}],"neow_cost":"NONE","seed_source_timestamp":0,"circlet_count":0,"master_deck":["AscendersBane","Strike_G","Strike_G","Strike_G","Strike_G","Defend_G","Defend_G","Defend_G","Defend_G","Defend_G","Survivor","Neutralize","Noxious Fumes+1","Dagger Spray+1","Footwork","Dagger Spray+1","Dodge and Roll","Crippling Poison","Wraith Form v2+1","Blur","Burst","Leg Sweep"],"special_seed":0,"relics":["Ring of the Snake","NeowsBlessing","Toolbox","Happy Flower","HornCleat","Philosopher\u0027s Stone","PreservedInsect"],"potions_floor_usage":[22,25,25],"damage_taken":[{"damage":0.0,"enemies":"Jaw Worm","floor":1.0,"turns":1.0},{"damage":0.0,"enemies":"2 Louse","floor":2.0,"turns":1.0},{"damage":0.0,"enemies":"Cultist","floor":3.0,"turns":1.0},{"damage":10.0,"enemies":"Large Slime","floor":5.0,"turns":5.0},{"damage":11.0,"enemies":"Looter","floor":10.0,"turns":4.0},{"damage":0.0,"enemies":"Red Slaver","floor":12.0,"turns":4.0},{"damage":12.0,"enemies":"Lagavulin","floor":13.0,"turns":9.0},{"damage":11.0,"enemies":"Slime Boss","floor":16.0,"turns":10.0},{"damage":0,"enemies":"Spheric Guardian","floor":18,"turns":6},{"damage":17,"enemies":"Chosen","floor":19,"turns":5},{"damage":0,"enemies":"Shelled Parasite and Fungi","floor":22,"turns":5},{"damage":46,"enemies":"Slavers","floor":25,"turns":5}],"seed_played":"-4992228674098657255","potions_obtained":[{"floor":5.0,"key":"BlessingOfTheForge"},{"floor":13.0,"key":"Swift Potion"},{"floor":16,"key":"GamblersBrew"},{"floor":18,"key":"Weak Potion"},{"floor":21,"key":"SneckoOil"},{"floor":22,"key":"Fire Potion"}],"is_trial":false,"path_per_floor":["M","M","M","?","M","R","$","?","T","M","R","M","E","?","R","B",null,"M","M","$","?","M","R","?","E"],"character_chosen":"THE_SILENT","items_purchased":["Toolbox","PreservedInsect"],"campfire_rested":0,"item_purchase_floors":[7,20],"current_hp_per_floor":[59,59,59,59,49,49,49,49,49,38,38,38,26,19,19,8,52,52,35,35,35,35,35,35,0],"gold":24,"neow_bonus":"THREE_ENEMY_KILL","is_prod":false,"is_daily":false,"chose_seed":false,"campfire_upgraded":4,"win_rate":0,"timestamp":1606768911,"path_taken":["M","M","M","?","M","R","$","?","T","M","R","M","E","?","R","BOSS","BOSS","M","M","$","?","?","R","?","E"],"build_version":"2020-11-27","purchased_purges":0,"victory":false,"max_hp_per_floor":[66,66,66,66,66,66,66,66,66,66,66,66,66,66,66,66,66,66,66,66,66,66,66,66,66],"card_choices":[{"not_picked":["Prepared","Acrobatics"],"picked":"Noxious Fumes","floor":1.0},{"not_picked":["Cloak And Dagger","Setup","Backflip"],"picked":"SKIP","floor":2.0},{"not_picked":["Backflip","Eviscerate"],"picked":"Dagger Spray","floor":3.0},{"not_picked":["Outmaneuver","Cloak And Dagger"],"picked":"Footwork","floor":5.0},{"not_picked":["Footwork","Acrobatics"],"picked":"Dagger Spray","floor":10.0},{"not_picked":["Cloak And Dagger","Distraction"],"picked":"Dodge and Roll","floor":12.0},{"not_picked":["Caltrops","Acrobatics"],"picked":"Crippling Poison","floor":13.0},{"not_picked":["Glass Knife","Grand Finale"],"picked":"Wraith Form v2","floor":16},{"not_picked":["Quick Slash","Dodge and Roll"],"picked":"Blur","floor":18},{"not_picked":["Sucker Punch+1","Deflect"],"picked":"Burst","floor":19},{"not_picked":["Dash","Backflip"],"picked":"Leg Sweep","floor":22}],"player_experience":3012345,"relics_obtained":[{"floor":9.0,"key":"Happy Flower"},{"floor":13.0,"key":"HornCleat"}],"event_choices":[{"damage_healed":0.0,"max_hp_gain":0.0,"max_hp_loss":0.0,"gold_gain":0.0,"event_name":"Liars Game","player_choice":"Ignored","floor":4.0,"gold_loss":0.0,"damage_taken":0.0},{"damage_healed":0.0,"max_hp_gain":0.0,"max_hp_loss":0.0,"gold_gain":0.0,"event_name":"World of Goop","player_choice":"Left Gold","floor":8.0,"gold_loss":6.0,"damage_taken":0.0},{"cards_removed":["Strike_G"],"damage_healed":0.0,"max_hp_gain":0.0,"max_hp_loss":0.0,"gold_gain":0.0,"event_name":"Golden Wing","player_choice":"Card Removal","floor":14.0,"gold_loss":0.0,"damage_taken":7.0},{"damage_healed":0,"gold_gain":0,"player_choice":"Got Potions","damage_taken":0,"max_hp_gain":0,"max_hp_loss":0,"event_name":"Lab","floor":21,"gold_loss":0},{"damage_healed":0,"gold_gain":0,"player_choice":"Ignored","damage_taken":0,"max_hp_gain":0,"max_hp_loss":0,"event_name":"Vampires","floor":24,"gold_loss":0}],"is_beta":true,"boss_relics":[{"not_picked":["Tiny House","Black Star"],"picked":"Philosopher\u0027s Stone"}],"items_purged_floors":[],"is_endless":false,"potions_floor_spawned":[5,13,16,18,22],"killed_by":"Slavers","ascension_level":20}