{"gold_per_floor":[114,130,146,146,15,15,35,35,35,61,61,75,109,109,109,204,204,217,217,217,217,230,230,255,269,295,327,347,379,379,394,394,468,468,486,486,37,83,95,95,130,144,190,201,229,229,229,243,243,243,243],"floor_reached":51,"playtime":5659,"items_purged":["Pain"],"score":1775,"play_id":"3c651e74-d07a-4bcd-8e33-a257a362ad80","local_time":"20210117124340","is_ascension_mode":true,"campfire_choices":[{"data":"Quick Slash","floor":6.0,"key":"SMITH"},{"data":"Blade Dance","floor":8.0,"key":"SMITH"},{"floor":11.0,"key":"REST"},{"data":"Cloak And Dagger","floor":15.0,"key":"SMITH"},{"data":"Adrenaline","floor":23,"key":"SMITH"},{"data":"Envenom","floor":30,"key":"SMITH"},{"data":"Wraith Form v2","floor":32,"key":"SMITH"},{"floor":40,"key":"RECALL"},{"data":"Finisher","floor":49,"key":"SMITH"}],"neow_cost":"PERCENT_DAMAGE","seed_source_timestamp":294115552849700,"circlet_count":0,"master_deck":["AscendersBane","Strike_G","Strike_G","Strike_G","Defend_G","Defend_G","Defend_G","Defend_G","Survivor","Neutralize","Deadly Poison","Well Laid Plans","Riddle With Holes","Quick Slash+1","Blade Dance+1","Adrenaline+1","Venomology","Finisher+1","Blade Dance","Cloak And Dagger+1","Adrenaline","Necronomicurse","Envenom+1","PiercingWail","PiercingWail","Dodge and Roll+1","Wraith Form v2+1","PiercingWail+1","After Image","Acrobatics","Leg Sweep","Crippling Poison+1","Acrobatics+1","Terror+1","Corpse Explosion","Thinking Ahead","Finesse","Magnetism+1"],"special_seed":0,"relics":["Ring of the Snake","Ninja Scroll","Lantern","Orichalcum","Bloody Idol","SacredBark","Necronomicon","Eternal Feather","PreservedInsect","Ginger","Ice Cream","Coffee Dripper","WarpedTongs","Frozen Egg 2","Tingsha","Bottled Flame","Thread and Needle"],"potions_floor_usage":[16,24,25,25,27,28,28,29,33,35,38,38,39,42,45,50,50,51],"damage_taken":[{"damage":2.0,"enemies":"2 Louse","floor":1.0,"turns":3.0},{"damage":0.0,"enemies":"Cultist","floor":2.0,"turns":4.0},{"damage":2.0,"enemies":"Jaw Worm","floor":3.0,"turns":4.0},{"damage":0.0,"enemies":"Large Slime","floor":7.0,"turns":4.0},{"damage":12.0,"enemies":"Lagavulin","floor":10.0,"turns":5.0},{"damage":0.0,"enemies":"2 Fungi Beasts","floor":12.0,"turns":1.0},{"damage":0.0,"enemies":"Gremlin Nob","floor":13.0,"turns":1.0},{"damage":0,"enemies":"Slime Boss","floor":16,"turns":5},{"damage":0,"enemies":"2 Thieves","floor":18,"turns":1},{"damage":0,"enemies":"Chosen","floor":22,"turns":2},{"damage":2,"enemies":"Slavers","floor":24,"turns":3},{"damage":2,"enemies":"Snecko","floor":25,"turns":4},{"damage":19,"enemies":"Book of Stabbing","floor":27,"turns":4},{"damage":1,"enemies":"Centurion and Healer","floor":28,"turns":5},{"damage":0,"enemies":"Slavers","floor":29,"turns":1},{"damage":0,"enemies":"3 Cultists","floor":31,"turns":3},{"damage":15,"enemies":"Collector","floor":33,"turns":6},{"damage":5,"enemies":"3 Darklings","floor":35,"turns":8},{"damage":43,"enemies":"2 Orb Walkers","floor":38,"turns":6},{"damage":0,"enemies":"Orb Walker","floor":39,"turns":3},{"damage":3,"enemies":"Giant Head","floor":41,"turns":7},{"damage":2,"enemies":"Writhing Mass","floor":42,"turns":5},{"damage":1,"enemies":"Maw","floor":44,"turns":6},{"damage":0,"enemies":"Nemesis","floor":45,"turns":1},{"damage":1,"enemies":"3 Darklings","floor":48,"turns":3},{"damage":29,"enemies":"Donu and Deca","floor":50,"turns":7},{"damage":33,"enemies":"Awakened One","floor":51,"turns":5}],"seed_played":"-6885952632568060702","potions_obtained":[{"floor":1.0,"key":"Explosive Potion"},{"floor":12.0,"key":"SteroidPotion"},{"floor":13.0,"key":"Energy Potion"},{"floor":21,"key":"SteroidPotion"},{"floor":21,"key":"Regen Potion"},{"floor":27,"key":"SkillPotion"},{"floor":29,"key":"Explosive Potion"},{"floor":38,"key":"GamblersBrew"},{"floor":45,"key":"Weak Potion"}],"is_trial":false,"path_per_floor":["M","M","M","?","$","R","M","R","T","E","R","M","E","?","R","B",null,"M","?","?","?","M","R","E","M","T","E","M","E","R","M","R","B",null,"M","?","$","?","M","R","E","M","T","M","E","?","?","M","R","B","B"],"character_chosen":"THE_SILENT","items_purchased":["Adrenaline","AttackPotion","Frozen Egg 2","Leg Sweep"],"campfire_rested":1,"item_purchase_floors":[5,5,37,37],"current_hp_per_floor":[42,42,40,40,40,40,40,40,40,28,47,47,47,47,47,47,57,57,36,36,36,41,41,44,60,60,46,50,55,60,60,60,50,58,58,58,58,20,25,43,45,48,53,57,60,50,50,54,60,31,0],"gold":243,"neow_bonus":"TRANSFORM_TWO_CARDS","is_prod":false,"is_daily":false,"chose_seed":false,"campfire_upgraded":7,"win_rate":0,"timestamp":1610916220,"path_taken":["M","M","M","?","$","R","?","R","T","E","R","?","E","?","R","BOSS","M","?","?","?","M","R","E","M","T","E","M","E","R","M","R","BOSS","M","?","?","?","M","R","E","M","T","?","E","?","?","M","R","BOSS","BOSS"],"build_version":"2020-12-18","purchased_purges":1,"victory":false,"max_hp_per_floor":[66,66,66,66,66,66,66,66,66,66,66,66,66,60,60,60,60,60,60,60,60,60,60,60,60,60,60,60,60,60,60,60,60,60,60,60,60,60,60,60,60,60,60,60,60,60,60,60,60,60,60],"card_choices":[{"not_picked":["Heel Hook","Prepared"],"picked":"Riddle With Holes","floor":1.0},{"not_picked":["Bane","Underhanded Strike"],"picked":"Quick Slash","floor":2.0},{"not_picked":["Outmaneuver","PiercingWail"],"picked":"Blade Dance","floor":3.0},{"not_picked":["Choke","Escape Plan"],"picked":"Venomology","floor":7.0},{"not_picked":["Well Laid Plans","Infinite Blades"],"picked":"Finisher","floor":10.0},{"not_picked":["Dodge and Roll","Prepared"],"picked":"Blade Dance","floor":12.0},{"not_picked":["Eviscerate","Finisher"],"picked":"Cloak And Dagger","floor":13.0},{"not_picked":["Wraith Form v2","Grand Finale"],"picked":"Adrenaline","floor":16},{"not_picked":["Acrobatics","Prepared","Slice"],"picked":"SKIP","floor":18},{"not_picked":["Slice+1","Riddle With Holes","Quick Slash+1"],"picked":"SKIP","floor":22},{"not_picked":["Calculated Gamble","Deflect"],"picked":"Envenom","floor":24},{"not_picked":["Bane","Cloak And Dagger"],"picked":"PiercingWail","floor":25},{"not_picked":["Well Laid Plans","Poisoned Stab"],"picked":"PiercingWail","floor":27},{"not_picked":["Caltrops","Reflex"],"picked":"Dodge and Roll+1","floor":28},{"not_picked":["Burst","Choke"],"picked":"Wraith Form v2","floor":29},{"not_picked":["Poisoned Stab","Bouncing Flask"],"picked":"PiercingWail+1","floor":31},{"not_picked":["Doppelganger","Venomology"],"picked":"After Image","floor":33},{"not_picked":["Distraction","Underhanded Strike+1"],"picked":"Acrobatics","floor":35},{"not_picked":["Expertise+1","Tactician+1"],"picked":"Crippling Poison+1","floor":38},{"not_picked":["Predator","Blade Dance"],"picked":"Acrobatics+1","floor":39},{"not_picked":["Backstab","Sucker Punch+1"],"picked":"Terror+1","floor":41},{"not_picked":["Bane","Setup+1"],"picked":"Corpse Explosion","floor":42},{"not_picked":["Acrobatics","Leg Sweep","Sucker Punch"],"picked":"SKIP","floor":44},{"not_picked":["Blade Dance","Die Die Die","Setup"],"picked":"SKIP","floor":45},{"not_picked":["Enlightenment","Impatience"],"picked":"Thinking Ahead","floor":46},{"not_picked":["Enlightenment","Jack Of All Trades"],"picked":"Finesse","floor":46},{"not_picked":["Dramatic Entrance","Forethought"],"picked":"Magnetism+1","floor":46},{"not_picked":["Slice","Cloak And Dagger","Acrobatics"],"picked":"SKIP","floor":48}],"player_experience":3099676,"relics_obtained":[{"floor":9.0,"key":"Ninja Scroll"},{"floor":10.0,"key":"Lantern"},{"floor":13.0,"key":"Orichalcum"},{"floor":19,"key":"Necronomicon"},{"floor":24,"key":"Eternal Feather"},{"floor":26,"key":"PreservedInsect"},{"floor":27,"key":"Ginger"},{"floor":29,"key":"Ice Cream"},{"floor":38,"key":"Tingsha"},{"floor":41,"key":"Bottled Flame"},{"floor":45,"key":"Thread and Needle"}],"event_choices":[{"cards_removed":["Strike_G"],"damage_healed":0.0,"max_hp_gain":0.0,"max_hp_loss":0.0,"gold_gain":0.0,"event_name":"Purifier","player_choice":"Purged","floor":4.0,"gold_loss":0.0,"damage_taken":0.0},{"damage_healed":0.0,"max_hp_gain":0.0,"max_hp_loss":6.0,"gold_gain":0.0,"event_name":"Golden Idol","player_choice":"Lose Max HP","floor":14.0,"gold_loss":0.0,"damage_taken":0.0,"relics_obtained":["Golden Idol"]},{"damage_healed":0,"gold_gain":0,"player_choice":"Obtained Book","damage_taken":21,"max_hp_gain":0,"max_hp_loss":0,"event_name":"Cursed Tome","floor":19,"gold_loss":0},{"damage_healed":0,"gold_gain":0,"player_choice":"Gave Idol","damage_taken":0,"relics_obtained":["Bloody Idol"],"max_hp_gain":0,"max_hp_loss":0,"event_name":"Forgotten Altar","floor":20,"relics_lost":["Golden Idol"],"gold_loss":0},{"damage_healed":0,"gold_gain":0,"player_choice":"Got Potions","damage_taken":0,"max_hp_gain":0,"max_hp_loss":0,"event_name":"Lab","floor":21,"gold_loss":0},{"damage_healed":0,"gold_gain":0,"player_choice":"Rummage","damage_taken":0,"relics_obtained":["WarpedTongs"],"max_hp_gain":0,"max_hp_loss":0,"event_name":"Accursed Blacksmith","floor":36,"gold_loss":0,"cards_obtained":["Pain"]},{"damage_healed":0,"gold_gain":0,"player_choice":"Fight","damage_taken":0,"max_hp_gain":0,"max_hp_loss":0,"event_name":"Mysterious Sphere","floor":38,"gold_loss":0},{"damage_healed":0,"gold_gain":0,"player_choice":"Memory 3","damage_taken":10,"max_hp_gain":0,"max_hp_loss":0,"event_name":"SensoryStone","floor":46,"gold_loss":0},{"damage_healed":0,"gold_gain":0,"player_choice":"Ignored","damage_taken":0,"max_hp_gain":0,"max_hp_loss":0,"event_name":"Tomb of Lord Red Mask","floor":47,"gold_loss":0}],"is_beta":true,"boss_relics":[{"not_picked":["Velvet Choker","Empty Cage"],"picked":"SacredBark"},{"not_picked":["Runic Dome","WristBlade"],"picked":"Coffee Dripper"}],"items_purged_floors":[37],"is_endless":false,"potions_floor_spawned":[1,10,12,13,18,24,27,28,29,38,45],"killed_by":"Awakened One","ascension_level":20}