{"gold_per_floor":[116,131,143,143,154,154,183,183,183,183,195,229,245,245,245,322,322,338,388,403,244,258,258,291,303,339,379,403,415,427,469,481,567,579,609,450,467,467,18,52,52,63,63,63,117,136,163,176,176,176,176,176,176,4,32,32],"floor_reached":56,"playtime":6384,"items_purged":["Strike_G","Strike_G+1"],"score":2060,"play_id":"767cde83-9e60-4ce9-a150-48c2bc16f41d","local_time":"20210124201323","is_ascension_mode":true,"campfire_choices":[{"data":"Dagger Throw","floor":6,"key":"SMITH"},{"data":"Die Die Die","floor":8,"key":"SMITH"},{"data":"Neutralize","floor":10,"key":"SMITH"},{"data":"Caltrops","floor":15,"key":"SMITH"},{"floor":23,"key":"REST"},{"data":"Cloak And Dagger","floor":29,"key":"SMITH"},{"data":"Blade Dance","floor":32,"key":"SMITH"},{"floor":41,"key":"RECALL"},{"data":"Accuracy","floor":49,"key":"SMITH"},{"data":"Accuracy","floor":53,"key":"SMITH"}],"neow_cost":"NONE","seed_source_timestamp":925182322234700,"circlet_count":0,"master_deck":["AscendersBane","Strike_G+1","Strike_G+1","Strike_G+1","Defend_G+1","Defend_G+1","Defend_G+1","Defend_G+1","Defend_G+1","Survivor","Neutralize+1","Quick Slash+1","PiercingWail","Dagger Throw+1","Die Die Die+1","Dodge and Roll","Caltrops+1","Footwork","After Image","Malaise","Deflect","Well Laid Plans","Blade Dance+1","Cloak And Dagger+1","Dodge and Roll","After Image","Backflip","Prepared+1","Dark Shackles","Accuracy+1","Dark Shackles","Accuracy+1","After Image"],"relics":["Ring of the Snake","Pen Nib","Bag of Marbles","Toy Ornithopter","Kunai","Black Star","PreservedInsect","MawBank","Strawberry","Pocketwatch","Oddly Smooth Stone","Red Mask","Philosopher\u0027s Stone","OrangePellets","Membership Card","TungstenRod","Darkstone Periapt","Nunchaku","Prayer Wheel","Eternal Feather","Juzu Bracelet","Calipers","Happy Flower","Bronze Scales"],"potions_floor_usage":[7,12,24,33,33,42,42,47,50,51],"damage_taken":[{"damage":4,"enemies":"Cultist","floor":1,"turns":4},{"damage":1,"enemies":"Jaw Worm","floor":2,"turns":4},{"damage":0,"enemies":"2 Louse","floor":3,"turns":3},{"damage":6,"enemies":"Large Slime","floor":5,"turns":6},{"damage":4,"enemies":"Lagavulin","floor":7,"turns":6},{"damage":0,"enemies":"2 Fungi Beasts","floor":11,"turns":2},{"damage":6,"enemies":"Gremlin Nob","floor":12,"turns":3},{"damage":0,"enemies":"3 Louse","floor":13,"turns":2},{"damage":3,"enemies":"The Guardian","floor":16,"turns":14},{"damage":0,"enemies":"2 Thieves","floor":18,"turns":1},{"damage":7,"enemies":"Chosen","floor":20,"turns":9},{"damage":21,"enemies":"Sentry and Sphere","floor":22,"turns":9},{"damage":0,"enemies":"Gremlin Leader","floor":24,"turns":9},{"damage":0,"enemies":"Slavers","floor":27,"turns":1},{"damage":0,"enemies":"Chosen and Byrds","floor":28,"turns":6},{"damage":7,"enemies":"Masked Bandits","floor":31,"turns":5},{"damage":27,"enemies":"Collector","floor":33,"turns":22},{"damage":27,"enemies":"3 Darklings","floor":35,"turns":9},{"damage":0,"enemies":"Orb Walker","floor":37,"turns":4},{"damage":0,"enemies":"Nemesis","floor":40,"turns":7},{"damage":11,"enemies":"Transient","floor":42,"turns":6},{"damage":13,"enemies":"2 Orb Walkers","floor":45,"turns":5},{"damage":0,"enemies":"Spire Growth","floor":46,"turns":7},{"damage":0,"enemies":"Giant Head","floor":47,"turns":7},{"damage":0,"enemies":"Sphere and 2 Shapes","floor":48,"turns":10},{"damage":40,"enemies":"Time Eater","floor":50,"turns":22},{"damage":11,"enemies":"Awakened One","floor":51,"turns":23},{"damage":57,"enemies":"Shield and Spear","floor":55,"turns":12},{"damage":45,"enemies":"The Heart","floor":56,"turns":2}],"seed_played":"1503180331973222412","potions_obtained":[{"floor":3,"key":"ColorlessPotion"},{"floor":5,"key":"LiquidMemories"},{"floor":11,"key":"BlessingOfTheForge"},{"floor":12,"key":"Fire Potion"},{"floor":13,"key":"Strength Potion"},{"floor":31,"key":"LiquidMemories"},{"floor":33,"key":"PowerPotion"},{"floor":37,"key":"Regen Potion"},{"floor":42,"key":"FearPotion"},{"floor":45,"key":"Strength Potion"},{"floor":47,"key":"AttackPotion"}],"is_trial":false,"path_per_floor":["M","M","M","?","M","R","E","R","T","R","M","E","M","?","R","B",null,"M","?","M","$","M","R","E","$","T","E","M","R","?","?","R","B",null,"M","$","M","?","$","E","R","M","T","?","?","M","E","M","R","B","B",null,"R","$","E","B"],"character_chosen":"THE_SILENT","items_purchased":["Well Laid Plans","OrangePellets","Membership Card","TungstenRod","Accuracy","Dark Shackles","Calipers"],"campfire_rested":1,"item_purchase_floors":[21,36,39,39,39,39,54],"current_hp_per_floor":[55,54,54,54,48,48,44,44,44,44,44,43,43,43,43,40,60,60,60,53,53,32,51,56,56,63,63,63,63,63,56,56,39,65,38,38,38,38,38,38,38,52,52,52,39,39,44,44,62,27,21,57,69,69,12,0],"gold":32,"neow_bonus":"RANDOM_COMMON_RELIC","is_prod":false,"is_daily":false,"chose_seed":false,"campfire_upgraded":8,"win_rate":0,"timestamp":1611548003,"path_taken":["M","M","M","?","M","R","E","R","T","R","M","E","M","?","R","BOSS","M","?","M","$","?","R","E","$","T","E","M","R","?","?","R","BOSS","M","$","M","?","$","E","R","M","T","?","?","M","E","M","R","BOSS","BOSS","R","$","E","BOSS"],"build_version":"2020-12-18","purchased_purges":2,"victory":false,"max_hp_per_floor":[66,66,66,66,66,66,66,66,66,66,66,66,66,66,66,66,66,66,66,66,66,66,66,66,66,73,73,73,73,73,73,73,73,73,73,73,73,73,73,73,73,73,73,69,69,69,69,69,69,69,69,69,69,69,69,69],"relic_stats":{"Darkstone Periapt":0,"Happy Flower":[0],"counters":[29,220],"Eternal Feather":30,"Pen Nib":[50],"PreservedInsect":299,"Juzu Bracelet":0,"MawBank":144,"OrangePellets":[10],"Nunchaku":[20],"Bronze Scales":[0],"Prayer Wheel":2,"Black Star":5,"Kunai":[94],"obtain_stats":[{"Darkstone Periapt":40,"Calipers":54,"Happy Flower":55,"Oddly Smooth Stone":27,"Eternal Feather":47,"Pen Nib":0,"PreservedInsect":24,"Juzu Bracelet":47,"MawBank":24,"OrangePellets":36,"Nunchaku":40,"Strawberry":26,"Bronze Scales":55,"Philosopher\u0027s Stone":34,"Prayer Wheel":45,"Bag of Marbles":7,"Black Star":17,"Red Mask":31,"Kunai":12,"Membership Card":39,"Toy Ornithopter":9,"TungstenRod":39,"Ring of the Snake":0,"Pocketwatch":27},{"Darkstone Periapt":20,"Calipers":27,"Happy Flower":28,"Oddly Smooth Stone":14,"Eternal Feather":24,"Pen Nib":0,"PreservedInsect":13,"Juzu Bracelet":24,"MawBank":13,"OrangePellets":18,"Nunchaku":20,"Strawberry":13,"Bronze Scales":28,"Philosopher\u0027s Stone":17,"Prayer Wheel":22,"Bag of Marbles":5,"Black Star":9,"Red Mask":16,"Kunai":7,"Membership Card":19,"Toy Ornithopter":5,"TungstenRod":19,"Ring of the Snake":0,"Pocketwatch":14},{"Darkstone Periapt":126,"Calipers":206,"Happy Flower":218,"Oddly Smooth Stone":73,"Eternal Feather":151,"Pen Nib":0,"PreservedInsect":72,"Juzu Bracelet":151,"MawBank":72,"OrangePellets":115,"Nunchaku":126,"Strawberry":72,"Bronze Scales":218,"Philosopher\u0027s Stone":106,"Prayer Wheel":137,"Bag of Marbles":23,"Black Star":44,"Red Mask":84,"Kunai":28,"Membership Card":119,"Toy Ornithopter":23,"TungstenRod":119,"Ring of the Snake":0,"Pocketwatch":73}],"Toy Ornithopter":45,"TungstenRod":24,"Ring of the Snake":[58],"Pocketwatch":[90]},"card_choices":[{"not_picked":["Calculated Gamble","PiercingWail"],"picked":"Quick Slash","floor":1},{"not_picked":["Sucker Punch","Cloak And Dagger"],"picked":"PiercingWail","floor":2},{"not_picked":["Distraction","Deadly Poison"],"picked":"Dagger Throw","floor":3},{"not_picked":["Blade Dance","Cloak And Dagger"],"picked":"Die Die Die","floor":5},{"not_picked":["PiercingWail","Prepared"],"picked":"Dodge and Roll","floor":7},{"not_picked":["Accuracy","Dodge and Roll","PiercingWail"],"picked":"SKIP","floor":11},{"not_picked":["All Out Attack","PiercingWail"],"picked":"Caltrops","floor":12},{"not_picked":["Cloak And Dagger","Deflect"],"picked":"Footwork","floor":13},{"not_picked":["Tools of the Trade","Corpse Explosion"],"picked":"Malaise","floor":16},{"not_picked":["Sucker Punch","Bane","Deadly Poison"],"picked":"SKIP","floor":18},{"not_picked":["Deadly Poison","Masterful Stab+1"],"picked":"Deflect","floor":20},{"not_picked":["Acrobatics","Quick Slash"],"picked":"Blade Dance","floor":22},{"not_picked":["Finisher","Bane","Burst"],"picked":"SKIP","floor":24},{"not_picked":["Bouncing Flask","Prepared"],"picked":"Cloak And Dagger","floor":27},{"not_picked":["Dash","Bane+1"],"picked":"Dodge and Roll","floor":28},{"not_picked":["Envenom","Grand Finale"],"picked":"After Image","floor":33},{"not_picked":["Prepared","Reflex"],"picked":"Backflip","floor":35},{"not_picked":["Outmaneuver","Backstab"],"picked":"Prepared+1","floor":37},{"not_picked":["Enlightenment","Blind"],"picked":"Dark Shackles","floor":38},{"not_picked":["Flying Knee+1","Expertise","Heel Hook"],"picked":"SKIP","floor":40},{"not_picked":["Bane","Expertise+1","Skewer+1"],"picked":"SKIP","floor":42},{"not_picked":["Acrobatics","Reflex"],"picked":"Accuracy","floor":46},{"not_picked":["Predator","Flying Knee","Deflect"],"picked":"SKIP","floor":46},{"not_picked":["Bane+1","Dagger Throw","Underhanded Strike+1"],"picked":"SKIP","floor":47},{"not_picked":["Setup","Deadly Poison","Skewer"],"picked":"SKIP","floor":48},{"not_picked":["Dagger Spray","Cloak And Dagger","Slice"],"picked":"SKIP","floor":48},{"not_picked":["Acrobatics","Leg Sweep"],"picked":"After Image","floor":55}],"player_experience":3164104,"relics_obtained":[{"floor":7,"key":"Bag of Marbles"},{"floor":9,"key":"Toy Ornithopter"},{"floor":12,"key":"Kunai"},{"floor":24,"key":"PreservedInsect"},{"floor":24,"key":"MawBank"},{"floor":26,"key":"Strawberry"},{"floor":27,"key":"Pocketwatch"},{"floor":27,"key":"Oddly Smooth Stone"},{"floor":31,"key":"Red Mask"},{"floor":40,"key":"Darkstone Periapt"},{"floor":40,"key":"Nunchaku"},{"floor":45,"key":"Prayer Wheel"},{"floor":47,"key":"Eternal Feather"},{"floor":47,"key":"Juzu Bracelet"},{"floor":55,"key":"Happy Flower"},{"floor":55,"key":"Bronze Scales"}],"event_choices":[{"damage_healed":0,"gold_gain":0,"player_choice":"Grow","damage_taken":0,"max_hp_gain":0,"max_hp_loss":0,"event_name":"Living Wall","floor":4,"gold_loss":0,"cards_upgraded":["Quick Slash"]},{"damage_healed":0,"gold_gain":0,"player_choice":"1 cards matched","damage_taken":0,"max_hp_gain":0,"max_hp_loss":0,"event_name":"Match and Keep!","floor":14,"gold_loss":0,"cards_obtained":["After Image"]},{"damage_healed":0,"gold_gain":100,"player_choice":"Bet on Murderer","damage_taken":0,"max_hp_gain":0,"max_hp_loss":0,"event_name":"The Joust","floor":19,"gold_loss":50},{"damage_healed":0,"gold_gain":0,"player_choice":"Simplicity","damage_taken":0,"max_hp_gain":0,"max_hp_loss":0,"event_name":"Back to Basics","floor":30,"gold_loss":0,"cards_upgraded":["Strike_G","Strike_G","Strike_G","Strike_G","Defend_G","Defend_G","Defend_G","Defend_G","Defend_G"]},{"damage_healed":0,"gold_gain":0,"player_choice":"Fought Bandits","damage_taken":0,"max_hp_gain":0,"max_hp_loss":0,"event_name":"Masked Bandits","floor":31,"gold_loss":0},{"damage_healed":0,"gold_gain":0,"player_choice":"Memory 1","damage_taken":0,"max_hp_gain":0,"max_hp_loss":0,"event_name":"SensoryStone","floor":38,"gold_loss":0},{"damage_healed":0,"gold_gain":0,"player_choice":"Max HP","damage_taken":0,"max_hp_gain":0,"max_hp_loss":4,"event_name":"Winding Halls","floor":44,"gold_loss":0},{"damage_healed":0,"gold_gain":0,"player_choice":"Fight","damage_taken":0,"max_hp_gain":0,"max_hp_loss":0,"event_name":"Mysterious Sphere","floor":45,"gold_loss":0}],"is_beta":true,"boss_relics":[{"not_picked":["Tiny House","HoveringKite"],"picked":"Black Star"},{"not_picked":["Cursed Key","Runic Dome"],"picked":"Philosopher\u0027s Stone"}],"items_purged_floors":[21,39],"is_endless":false,"potions_floor_spawned":[3,5,11,12,13,18,31,33,37,42,45,47],"killed_by":"The Heart","ascension_level":20}