{"gold_per_floor":[115,265,283,128,142,142,176,176,176,251,251,251,261,287,287,364,364,388,407,436,19,28,72,72,72,72,72,81,117,117,136,136,136],"floor_reached":33,"playtime":2046,"items_purged":["Doubt","Strike_G"],"score":582,"play_id":"7a68e5e9-fd1b-49de-a376-b7451429c769","local_time":"20210126171938","is_ascension_mode":true,"campfire_choices":[{"data":"Neutralize","floor":6,"key":"SMITH"},{"data":"Caltrops","floor":8,"key":"SMITH"},{"floor":12,"key":"REST"},{"data":"Dagger Throw","floor":15,"key":"SMITH"},{"data":"Dagger Spray","floor":25,"key":"SMITH"},{"floor":27,"key":"DIG"},{"floor":30,"key":"DIG"},{"floor":32,"key":"DIG"}],"neow_cost":"NONE","seed_source_timestamp":1091899733854200,"circlet_count":0,"master_deck":["AscendersBane","Strike_G","Strike_G","Defend_G","Defend_G","Defend_G","Defend_G","Survivor","Neutralize+1","Predator+1","Concentrate+1","Dash+1","Reflex","Dagger Throw+1","Caltrops+1","PiercingWail","Dagger Spray+1","Dagger Throw+1","PiercingWail+1","Shame","Underhanded Strike","Decay","PiercingWail"],"relics":["Astrolabe","Meat on the Bone","Pantograph","CeramicFish","Runic Dome","Du-Vu Doll","Ornamental Fan","The Courier","Shovel","PreservedInsect","Bird Faced Urn","Akabeko","Kunai"],"potions_floor_usage":[7,7,18,23,29],"damage_taken":[{"damage":9,"enemies":"Jaw Worm","floor":1,"turns":4},{"damage":9,"enemies":"Small Slimes","floor":3,"turns":4},{"damage":0,"enemies":"2 Louse","floor":5,"turns":2},{"damage":10,"enemies":"Lagavulin","floor":7,"turns":7},{"damage":1,"enemies":"Lots of Slimes","floor":13,"turns":6},{"damage":25,"enemies":"Gremlin Nob","floor":14,"turns":4},{"damage":36,"enemies":"The Guardian","floor":16,"turns":11},{"damage":15,"enemies":"Chosen","floor":18,"turns":6},{"damage":0,"enemies":"3 Byrds","floor":19,"turns":4},{"damage":1,"enemies":"Centurion and Healer","floor":20,"turns":7},{"damage":18,"enemies":"Book of Stabbing","floor":23,"turns":4},{"damage":19,"enemies":"Gremlin Leader","floor":29,"turns":5},{"damage":13,"enemies":"Snecko","floor":31,"turns":4},{"damage":67,"enemies":"Collector","floor":33,"turns":8}],"seed_played":"8054164393771543093","potions_obtained":[{"floor":1,"key":"FairyPotion"},{"floor":3,"key":"GamblersBrew"},{"floor":13,"key":"Dexterity Potion"},{"floor":16,"key":"Fruit Juice"},{"floor":19,"key":"FearPotion"},{"floor":20,"key":"Explosive Potion"}],"is_trial":false,"path_per_floor":["M","?","M","$","M","R","E","R","T","?","?","R","M","E","R","B",null,"M","M","M","$","?","E","?","R","T","R","?","E","R","M","R","B"],"character_chosen":"THE_SILENT","items_purchased":["LiquidMemories","Du-Vu Doll"],"campfire_rested":1,"item_purchase_floors":[4,21],"current_hp_per_floor":[50,50,41,41,41,41,31,31,31,20,20,39,38,25,25,26,56,46,46,45,45,45,39,39,39,39,39,39,32,32,33,33,0],"gold":136,"neow_bonus":"BOSS_RELIC","is_prod":false,"is_daily":false,"chose_seed":false,"campfire_upgraded":4,"win_rate":0,"timestamp":1611710378,"path_taken":["M","?","M","$","M","R","E","R","T","?","?","R","M","E","R","BOSS","M","?","M","$","?","E","?","R","T","R","?","E","R","M","R","BOSS"],"build_version":"2020-12-18","purchased_purges":2,"victory":false,"max_hp_per_floor":[66,66,66,66,66,66,66,66,66,66,66,66,66,66,66,66,66,71,71,71,71,71,71,71,71,71,71,71,71,71,71,71,71],"relic_stats":{"Shovel":3,"counters":[14,76],"Ornamental Fan":[32],"Astrolabe":["Predator","Concentrate","Dash"],"Pantograph":50,"CeramicFish":63,"Bird Faced Urn":[4],"PreservedInsect":50,"Kunai":[4],"obtain_stats":[{"Astrolabe":0,"CeramicFish":14,"The Courier":23,"PreservedInsect":27,"Akabeko":30,"Du-Vu Doll":21,"Runic Dome":17,"Shovel":26,"Ornamental Fan":22,"Pantograph":9,"Bird Faced Urn":29,"Kunai":32,"Ring of the Snake":0,"Meat on the Bone":7},{"Astrolabe":0,"CeramicFish":6,"The Courier":11,"PreservedInsect":11,"Akabeko":12,"Du-Vu Doll":10,"Runic Dome":7,"Shovel":11,"Ornamental Fan":10,"Pantograph":4,"Bird Faced Urn":12,"Kunai":13,"Ring of the Snake":0,"Meat on the Bone":4},{"Astrolabe":0,"CeramicFish":27,"The Courier":59,"PreservedInsect":59,"Akabeko":64,"Du-Vu Doll":55,"Runic Dome":38,"Shovel":59,"Ornamental Fan":55,"Pantograph":17,"Bird Faced Urn":64,"Kunai":68,"Ring of the Snake":0,"Meat on the Bone":17}],"Meat on the Bone":60},"card_choices":[{"not_picked":["Setup","Distraction"],"picked":"Reflex","floor":1},{"not_picked":["Riddle With Holes","Blur"],"picked":"Dagger Throw","floor":3},{"not_picked":["Prepared","Deflect","Finisher"],"picked":"SKIP","floor":5},{"not_picked":["Leg Sweep","PiercingWail"],"picked":"Caltrops","floor":7},{"not_picked":["Calculated Gamble","Outmaneuver","Expertise"],"picked":"SKIP","floor":13},{"not_picked":["Setup","Outmaneuver","Cloak And Dagger"],"picked":"SKIP","floor":14},{"not_picked":["Flying Knee+1","Choke+1"],"picked":"Dagger Spray","floor":18},{"not_picked":["Bane","Skewer"],"picked":"Dagger Throw+1","floor":19},{"not_picked":["Blur","Setup"],"picked":"PiercingWail+1","floor":20},{"not_picked":["Crippling Poison","Burst"],"picked":"Underhanded Strike","floor":23},{"not_picked":["Deadly Poison","Sucker Punch"],"picked":"PiercingWail","floor":29},{"not_picked":["Flechettes","Poisoned Stab+1","Flying Knee"],"picked":"SKIP","floor":31}],"player_experience":3173698,"relics_obtained":[{"floor":7,"key":"Meat on the Bone"},{"floor":9,"key":"Pantograph"},{"floor":14,"key":"CeramicFish"},{"floor":23,"key":"The Courier"},{"floor":26,"key":"Shovel"},{"floor":27,"key":"PreservedInsect"},{"floor":29,"key":"Bird Faced Urn"},{"floor":30,"key":"Akabeko"},{"floor":32,"key":"Kunai"}],"event_choices":[{"damage_healed":0,"gold_gain":150,"player_choice":"AGREE","damage_taken":0,"max_hp_gain":0,"max_hp_loss":0,"event_name":"Liars Game","floor":2,"gold_loss":0,"cards_obtained":["Doubt"]},{"damage_healed":0,"gold_gain":75,"player_choice":"Gather Gold","damage_taken":11,"max_hp_gain":0,"max_hp_loss":0,"event_name":"World of Goop","floor":10,"gold_loss":0},{"damage_healed":0,"gold_gain":0,"player_choice":"1 cards matched","damage_taken":0,"max_hp_gain":0,"max_hp_loss":0,"event_name":"Match and Keep!","floor":11,"gold_loss":0,"cards_obtained":["PiercingWail"]},{"damage_healed":0,"gold_gain":0,"player_choice":"Stole Relic","damage_taken":0,"relics_obtained":["Ornamental Fan"],"max_hp_gain":0,"max_hp_loss":0,"event_name":"Addict","floor":22,"gold_loss":0,"cards_obtained":["Shame"]},{"damage_healed":0,"gold_gain":0,"player_choice":"Ignored","damage_taken":0,"max_hp_gain":0,"max_hp_loss":0,"event_name":"Vampires","floor":24,"gold_loss":0},{"damage_healed":0,"gold_gain":0,"player_choice":"Smashed Altar","damage_taken":0,"max_hp_gain":0,"max_hp_loss":0,"event_name":"Forgotten Altar","floor":28,"gold_loss":0,"cards_obtained":["Decay"]}],"is_beta":true,"boss_relics":[{"not_picked":["Busted Crown","Velvet Choker"],"picked":"Runic Dome"}],"items_purged_floors":[4,21],"is_endless":false,"potions_floor_spawned":[1,3,13,16,19,20],"killed_by":"Collector","ascension_level":20}