{"gold_per_floor":[115,115,134,184,14,50,50,68,94,169,48,86,86,101,101,101],"floor_reached":16,"playtime":644,"items_purged":["Strike_G"],"score":216,"play_id":"52c760fd-d757-40b5-bace-4242753f849d","local_time":"20210121161304","is_ascension_mode":true,"campfire_choices":[{"data":"Blade Dance","floor":7.0,"key":"SMITH"},{"data":"Crippling Poison","floor":13.0,"key":"SMITH"},{"floor":15,"key":"REST"}],"neow_cost":"NONE","seed_source_timestamp":657286572609300,"circlet_count":0,"master_deck":["AscendersBane","Strike_G","Strike_G","Strike_G","Strike_G","Defend_G","Defend_G","Defend_G","Defend_G","Defend_G","Survivor","Neutralize","Blade Dance+1","Choke","Backstab","Dagger Spray","Crippling Poison+1"],"special_seed":0,"relics":["Ring of the Snake","Akabeko","Golden Idol","Omamori","Lantern","Snake Skull","Singing Bowl"],"potions_floor_usage":[],"damage_taken":[{"damage":13.0,"enemies":"Cultist","floor":1.0,"turns":6.0},{"damage":0.0,"enemies":"2 Louse","floor":3.0,"turns":3.0},{"damage":4.0,"enemies":"3 Sentries","floor":6.0,"turns":8.0},{"damage":0.0,"enemies":"Small Slimes","floor":8.0,"turns":1.0},{"damage":7.0,"enemies":"Lagavulin","floor":12.0,"turns":5.0},{"damage":0,"enemies":"3 Louse","floor":14,"turns":2},{"damage":40,"enemies":"The Guardian","floor":16,"turns":13}],"seed_played":"-4915365515491324620","potions_obtained":[{"floor":3.0,"key":"LiquidMemories"},{"floor":6.0,"key":"Weak Potion"}],"is_trial":false,"path_per_floor":["M","?","M","?","$","E","R","M","T","?","?","E","R","M","R","B"],"character_chosen":"THE_SILENT","items_purchased":["Backstab","Strength Potion"],"campfire_rested":1,"item_purchase_floors":[5,5],"current_hp_per_floor":[46,46,46,40,40,36,36,36,36,25,25,18,18,20,38,0],"gold":101,"neow_bonus":"RANDOM_COMMON_RELIC","is_prod":false,"is_daily":false,"chose_seed":false,"campfire_upgraded":2,"win_rate":0,"timestamp":1611274384,"path_taken":["M","?","M","?","$","E","R","?","T","?","?","E","R","M","R","BOSS"],"build_version":"2020-12-18","purchased_purges":1,"victory":false,"max_hp_per_floor":[66,60,60,60,60,60,60,60,60,60,60,60,60,62,62,62],"relic_stats":{"Singing Bowl":2,"counters":[7,38],"Golden Idol":26,"Snake Skull":[1],"obtain_stats":[{"Lantern":9,"Singing Bowl":12,"Golden Idol":2,"Snake Skull":11,"Omamori":6,"Akabeko":0,"Ring of the Snake":0},{"Lantern":4,"Singing Bowl":5,"Golden Idol":1,"Snake Skull":4,"Omamori":3,"Akabeko":0,"Ring of the Snake":0},{"Lantern":18,"Singing Bowl":23,"Golden Idol":6,"Snake Skull":18,"Omamori":17,"Akabeko":0,"Ring of the Snake":0}],"Ring of the Snake":[14]},"card_choices":[{"not_picked":["Flying Knee","Accuracy"],"picked":"Blade Dance","floor":1.0},{"not_picked":["Dodge and Roll","Noxious Fumes"],"picked":"Choke","floor":3.0},{"not_picked":["Quick Slash","Bane"],"picked":"Dagger Spray","floor":6.0},{"not_picked":["Infinite Blades","Deadly Poison","Heel Hook"],"picked":"SKIP","floor":8.0},{"not_picked":["Acrobatics","Expertise"],"picked":"Crippling Poison","floor":12.0},{"not_picked":["Reflex","Dodge and Roll","Acrobatics"],"picked":"Singing Bowl","floor":14}],"player_experience":3131840,"relics_obtained":[{"floor":6.0,"key":"Omamori"},{"floor":9.0,"key":"Lantern"},{"floor":12.0,"key":"Singing Bowl"}],"event_choices":[{"damage_healed":0.0,"max_hp_gain":0.0,"max_hp_loss":6.0,"gold_gain":0.0,"event_name":"Golden Idol","player_choice":"Lose Max HP","floor":2.0,"gold_loss":0.0,"damage_taken":0.0,"relics_obtained":["Golden Idol"]},{"damage_healed":0.0,"max_hp_gain":0.0,"max_hp_loss":0.0,"gold_gain":50.0,"event_name":"FaceTrader","player_choice":"Touch","floor":4.0,"gold_loss":0.0,"damage_taken":6.0},{"damage_healed":0.0,"max_hp_gain":0.0,"max_hp_loss":0.0,"gold_gain":75.0,"event_name":"World of Goop","player_choice":"Gather Gold","floor":10.0,"gold_loss":0.0,"damage_taken":11.0},{"damage_healed":0.0,"max_hp_gain":0.0,"max_hp_loss":0.0,"gold_gain":0.0,"event_name":"WeMeetAgain","player_choice":"Paid Gold","floor":11.0,"gold_loss":121.0,"damage_taken":0.0,"relics_obtained":["Snake Skull"]}],"is_beta":true,"boss_relics":[],"items_purged_floors":[5],"is_endless":false,"potions_floor_spawned":[3,6],"killed_by":"The Guardian","ascension_level":20}