{"gold_per_floor":[212,212,212,228,243,243,1,17,17,34,34,49,83,96,96,175,175,192,203,203,18,18,18,49,49,49,63,74,74,6,106,106,177,177,195,210,210,1209,1209,1209,708,708,708,726,773,788,800,829,829,829],"floor_reached":50,"playtime":3469,"items_purged":["Normality"],"score":1034,"play_id":"de1e7fa1-1d1f-4611-bdc2-dcaafd7d569c","local_time":"20210121172631","is_ascension_mode":true,"campfire_choices":[{"data":"Riddle With Holes","floor":6.0,"key":"SMITH"},{"data":"Accuracy","floor":11.0,"key":"SMITH"},{"data":"Envenom","floor":15,"key":"SMITH"},{"data":"Ghostly","floor":25,"key":"SMITH"},{"data":"Ghostly","floor":29,"key":"SMITH"},{"data":"Blade Dance","floor":32,"key":"SMITH"},{"data":"Catalyst","floor":40,"key":"SMITH"},{"data":"Footwork","floor":42,"key":"SMITH"},{"floor":49,"key":"RECALL"}],"neow_cost":"NONE","seed_source_timestamp":658835881712600,"circlet_count":0,"master_deck":["AscendersBane","Strike_G","Strike_G","Defend_G","Defend_G","Defend_G","Defend_G","Defend_G","Survivor","Caltrops","Envenom+1","Riddle With Holes+1","Blade Dance","Blade Dance+1","Master of Strategy","Accuracy+1","PiercingWail","Finisher","A Thousand Cuts","Bouncing Flask","Ghostly","Ghostly+1","Ghostly+1","Noxious Fumes","Accuracy","Dash","Dagger Spray","Catalyst+1","Well Laid Plans","Malaise","Bouncing Flask","Dodge and Roll+1","Normality","Blind","Backflip","Footwork+1","Prepared+1"],"special_seed":0,"relics":["Ring of the Snake","The Courier","Bird Faced Urn","Snecko Eye","Snake Skull","PreservedInsect","Meat on the Bone","Mango","Shuriken","Coffee Dripper","Bottled Tornado","TheAbacus","Regal Pillow","Smiling Mask"],"potions_floor_usage":[31,44,48],"damage_taken":[{"damage":4.0,"enemies":"Small Slimes","floor":1.0,"turns":5.0},{"damage":3.0,"enemies":"2 Louse","floor":4.0,"turns":4.0},{"damage":1.0,"enemies":"Cultist","floor":5.0,"turns":4.0},{"damage":0.0,"enemies":"Exordium Wildlife","floor":8.0,"turns":3.0},{"damage":8.0,"enemies":"Looter","floor":10.0,"turns":3.0},{"damage":0.0,"enemies":"2 Fungi Beasts","floor":12.0,"turns":3.0},{"damage":22,"enemies":"3 Sentries","floor":13,"turns":7},{"damage":20,"enemies":"Exordium Thugs","floor":14,"turns":6},{"damage":10,"enemies":"Hexaghost","floor":16,"turns":8},{"damage":31,"enemies":"Spheric Guardian","floor":18,"turns":5},{"damage":12,"enemies":"Chosen","floor":19,"turns":5},{"damage":4,"enemies":"Book of Stabbing","floor":24,"turns":4},{"damage":18,"enemies":"Snake Plant","floor":27,"turns":4},{"damage":1,"enemies":"Snecko","floor":28,"turns":4},{"damage":9,"enemies":"Colosseum Slavers","floor":31,"turns":5},{"damage":1,"enemies":"Colosseum Nobs","floor":31,"turns":2},{"damage":10,"enemies":"Automaton","floor":33,"turns":6},{"damage":6,"enemies":"3 Darklings","floor":35,"turns":4},{"damage":2,"enemies":"Orb Walker","floor":36,"turns":2},{"damage":22,"enemies":"Writhing Mass","floor":44,"turns":5},{"damage":3,"enemies":"4 Shapes","floor":46,"turns":8},{"damage":22,"enemies":"Sphere and 2 Shapes","floor":47,"turns":4},{"damage":6,"enemies":"Nemesis","floor":48,"turns":7},{"damage":51,"enemies":"Donu and Deca","floor":50,"turns":6}],"seed_played":"6443967297764577404","potions_obtained":[{"floor":1.0,"key":"CultistPotion"},{"floor":5.0,"key":"DistilledChaos"},{"floor":16,"key":"Strength Potion"},{"floor":31,"key":"SkillPotion"},{"floor":44,"key":"Strength Potion"},{"floor":46,"key":"Swift Potion"}],"is_trial":false,"path_per_floor":["M","?","?","M","M","R","$","M","T","M","R","M","E","M","R","B",null,"M","M","?","$","?","?","E","R","T","M","M","R","$","?","R","B",null,"M","M","?","?","?","R","$","R","T","M","T","M","M","E","R","B"],"character_chosen":"THE_SILENT","items_purchased":["Blade Dance","Master of Strategy","Snake Skull","Noxious Fumes","Well Laid Plans","Bottled Tornado","Backflip","Footwork","TheAbacus"],"campfire_rested":0,"item_purchase_floors":[7,7,21,21,30,41,41,41,41],"current_hp_per_floor":[55,60,60,57,56,56,56,56,56,48,48,48,26,12,12,8,55,32,26,26,26,26,26,32,32,32,21,26,26,26,46,46,43,48,47,47,47,47,37,37,37,37,37,27,27,40,29,37,37,0],"gold":829,"neow_bonus":"HUNDRED_GOLD","is_prod":false,"is_daily":false,"chose_seed":false,"campfire_upgraded":8,"win_rate":0,"timestamp":1611278791,"path_taken":["M","?","?","M","M","R","$","?","T","M","R","M","E","M","R","BOSS","M","M","?","$","?","?","E","R","T","?","M","R","$","?","R","BOSS","M","M","?","?","?","R","$","R","T","M","?","M","M","E","R","BOSS"],"build_version":"2020-12-18","purchased_purges":1,"victory":false,"max_hp_per_floor":[66,71,71,71,71,71,71,71,71,71,71,71,71,71,71,71,71,71,71,35,35,35,35,35,35,35,35,35,35,35,49,49,49,49,49,49,49,49,49,49,49,49,49,49,49,49,49,49,49,49],"relic_stats":{"Regal Pillow":0,"TheAbacus":[24],"counters":[24,114],"Shuriken":[15],"Bird Faced Urn":[142],"Snecko Eye":[121,146,138,126],"Snake Skull":[216],"PreservedInsect":88,"Smiling Mask":0,"obtain_stats":[{"Regal Pillow":45,"Mango":31,"The Courier":9,"Snake Skull":21,"PreservedInsect":24,"Bottled Tornado":41,"Smiling Mask":48,"TheAbacus":41,"Shuriken":31,"Bird Faced Urn":13,"Snecko Eye":17,"Coffee Dripper":34,"Ring of the Snake":0,"Meat on the Bone":26},{"Regal Pillow":20,"Mango":16,"The Courier":4,"Snake Skull":11,"PreservedInsect":12,"Bottled Tornado":19,"Smiling Mask":23,"TheAbacus":19,"Shuriken":16,"Bird Faced Urn":7,"Snecko Eye":9,"Coffee Dripper":17,"Ring of the Snake":0,"Meat on the Bone":12},{"Regal Pillow":89,"Mango":72,"The Courier":16,"Snake Skull":53,"PreservedInsect":57,"Bottled Tornado":84,"Smiling Mask":108,"TheAbacus":84,"Shuriken":72,"Bird Faced Urn":29,"Snecko Eye":43,"Coffee Dripper":78,"Ring of the Snake":0,"Meat on the Bone":57}],"Ring of the Snake":[48],"Meat on the Bone":0},"card_choices":[{"not_picked":["Deadly Poison","Heel Hook"],"picked":"Caltrops","floor":1.0},{"not_picked":["Outmaneuver","Quick Slash"],"picked":"Riddle With Holes","floor":4.0},{"not_picked":["Tactician","Poisoned Stab"],"picked":"Blade Dance","floor":5.0},{"not_picked":["Skewer","Flying Knee"],"picked":"Accuracy","floor":8.0},{"not_picked":["Deflect","Slice"],"picked":"PiercingWail","floor":10.0},{"not_picked":["Prepared","Backflip"],"picked":"Finisher","floor":12.0},{"not_picked":["Predator","Distraction"],"picked":"A Thousand Cuts","floor":13},{"not_picked":["All Out Attack","Poisoned Stab","Choke"],"picked":"SKIP","floor":14},{"not_picked":["Backstab","Deadly Poison"],"picked":"Bouncing Flask","floor":18},{"not_picked":["Deflect","Poisoned Stab","All Out Attack"],"picked":"SKIP","floor":19},{"not_picked":["Slice","Bane"],"picked":"Dagger Spray","floor":24},{"not_picked":["Outmaneuver","Deflect"],"picked":"Catalyst","floor":27},{"not_picked":["Reflex","Sucker Punch","Slice"],"picked":"SKIP","floor":28},{"not_picked":["Doppelganger","Venomology"],"picked":"Malaise","floor":33},{"not_picked":["Blur","Distraction"],"picked":"Bouncing Flask","floor":35},{"not_picked":["Prepared","Deadly Poison+1"],"picked":"Dodge and Roll+1","floor":36},{"not_picked":["Chrysalis","HandOfGreed"],"picked":"Blind","floor":39},{"not_picked":["Poisoned Stab+1","Dagger Spray"],"picked":"Prepared+1","floor":44},{"not_picked":["Well Laid Plans","Caltrops","Deadly Poison"],"picked":"SKIP","floor":46},{"not_picked":["Dagger Throw+1","Expertise","Underhanded Strike"],"picked":"SKIP","floor":47},{"not_picked":["Prepared","Outmaneuver","Heel Hook+1"],"picked":"SKIP","floor":48}],"player_experience":3133183,"relics_obtained":[{"floor":9.0,"key":"The Courier"},{"floor":13,"key":"Bird Faced Urn"},{"floor":24,"key":"PreservedInsect"},{"floor":26,"key":"Meat on the Bone"},{"floor":31,"key":"Mango"},{"floor":31,"key":"Shuriken"},{"floor":45,"key":"Regal Pillow"},{"floor":48,"key":"Smiling Mask"}],"event_choices":[{"damage_healed":0.0,"max_hp_gain":5.0,"max_hp_loss":0.0,"gold_gain":0.0,"event_name":"Big Fish","player_choice":"Donut","floor":2.0,"gold_loss":0.0,"damage_taken":0.0},{"damage_healed":0.0,"max_hp_gain":0.0,"max_hp_loss":0.0,"gold_gain":0.0,"cards_transformed":["Strike_G"],"event_name":"Transmorgrifier","player_choice":"Transformed","floor":3.0,"gold_loss":0.0,"damage_taken":0.0,"cards_obtained":["Envenom"]},{"damage_healed":0,"gold_gain":0,"player_choice":"Became a Ghost","damage_taken":0,"max_hp_gain":0,"max_hp_loss":36,"event_name":"Ghosts","floor":20,"gold_loss":0,"cards_obtained":["Ghostly","Ghostly","Ghostly"]},{"damage_healed":0,"gold_gain":0,"cards_transformed":["Strike_G","Strike_G"],"player_choice":"Became Test Subject","damage_taken":0,"max_hp_gain":0,"max_hp_loss":0,"event_name":"Drug Dealer","floor":23,"gold_loss":0,"cards_obtained":["Accuracy","Dash"]},{"damage_healed":0,"gold_gain":0,"player_choice":"Fight","damage_taken":0,"max_hp_gain":0,"max_hp_loss":0,"event_name":"Colosseum","floor":31,"gold_loss":0},{"damage_healed":0,"gold_gain":0,"player_choice":"Fought Nobs","damage_taken":0,"max_hp_gain":0,"max_hp_loss":0,"event_name":"Colosseum","floor":31,"gold_loss":0},{"cards_removed":["Neutralize"],"damage_healed":0,"gold_gain":0,"player_choice":"Removed Attack","damage_taken":0,"max_hp_gain":0,"max_hp_loss":0,"event_name":"Falling","floor":37,"gold_loss":0},{"damage_healed":0,"gold_gain":999,"player_choice":"Gold","damage_taken":0,"max_hp_gain":0,"max_hp_loss":0,"event_name":"MindBloom","floor":38,"gold_loss":0,"cards_obtained":["Normality","Normality"]},{"damage_healed":0,"gold_gain":0,"player_choice":"Memory 3","damage_taken":10,"max_hp_gain":0,"max_hp_loss":0,"event_name":"SensoryStone","floor":39,"gold_loss":0}],"is_beta":true,"boss_relics":[{"not_picked":["Runic Dome","SlaversCollar"],"picked":"Snecko Eye"},{"not_picked":["Cursed Key","Philosopher\u0027s Stone"],"picked":"Coffee Dripper"}],"items_purged_floors":[41],"is_endless":false,"potions_floor_spawned":[1,5,8,16,19,31,31,33,36,44,46],"killed_by":"Donu and Deca","ascension_level":20}