{"gold_per_floor":[115,31,31,51,62,89,89,123,169,169,169,180,21,38,38,114,114,134,34,34,84,102,102,102],"floor_reached":24,"playtime":1139,"items_purged":["Strike_G","Strike_G"],"score":533,"play_id":"9f4b8848-3b71-442e-8a19-9340689367bb","local_time":"20210131171844","is_ascension_mode":true,"campfire_choices":[{"data":"Predator","floor":7,"key":"SMITH"},{"data":"Poisoned Stab","floor":10,"key":"SMITH"},{"data":"Glass Knife","floor":15,"key":"SMITH"},{"data":"Predator","floor":23,"key":"SMITH"}],"neow_cost":"NONE","seed_source_timestamp":1524722668837500,"circlet_count":0,"master_deck":["AscendersBane","Defend_G","Defend_G","Defend_G","Defend_G","Defend_G","Survivor","Neutralize","Predator+1","Poisoned Stab+1","Blade Dance","Blade Dance","Acrobatics","Die Die Die","Bouncing Flask","Glass Knife+1","PiercingWail","Burst","Predator+1","Bite","Bite","Bite","Bite","Bite"],"special_seed":0,"relics":["Coffee Dripper","Pantograph","Snake Skull","Vajra","Snecko Eye"],"potions_floor_usage":[6,6,8,24],"damage_taken":[{"damage":0,"enemies":"2 Louse","floor":1,"turns":3},{"damage":0,"enemies":"Jaw Worm","floor":4,"turns":3},{"damage":0,"enemies":"Cultist","floor":5,"turns":3},{"damage":8,"enemies":"3 Sentries","floor":6,"turns":8},{"damage":24,"enemies":"Lagavulin","floor":8,"turns":6},{"damage":3,"enemies":"Blue Slaver","floor":12,"turns":3},{"damage":0,"enemies":"Lots of Slimes","floor":14,"turns":3},{"damage":0,"enemies":"Slime Boss","floor":16,"turns":6},{"damage":13,"enemies":"Shell Parasite","floor":18,"turns":3},{"damage":0,"enemies":"Chosen","floor":22,"turns":3},{"damage":52,"enemies":"Book of Stabbing","floor":24,"turns":4}],"seed_played":"1322772557387217228","potions_obtained":[{"floor":1,"key":"EssenceOfSteel"},{"floor":6,"key":"PowerPotion"},{"floor":12,"key":"Ancient Potion"},{"floor":16,"key":"Dexterity Potion"}],"is_trial":false,"path_per_floor":["M","$","?","M","M","E","R","E","T","R","?","M","$","M","R","B",null,"M","$","?","?","M","R","E"],"character_chosen":"THE_SILENT","items_purchased":["Poisoned Stab","AttackPotion","Glass Knife"],"campfire_rested":0,"item_purchase_floors":[2,2,13],"current_hp_per_floor":[59,59,59,59,59,51,51,27,27,27,27,24,24,24,24,49,62,49,49,46,46,46,46,0],"gold":102,"neow_bonus":"BOSS_RELIC","is_prod":false,"is_daily":false,"chose_seed":false,"campfire_upgraded":4,"win_rate":0,"timestamp":1612142324,"path_taken":["M","$","?","M","M","E","R","E","T","R","?","M","?","M","R","BOSS","M","$","?","?","M","R","E"],"build_version":"2020-12-18","purchased_purges":2,"victory":false,"max_hp_per_floor":[66,66,66,66,66,66,66,66,66,66,66,66,66,66,66,66,66,66,66,46,46,46,46,46],"relic_stats":{"counters":[11,45],"Pantograph":25,"Snecko Eye":[11,22,19,22],"Snake Skull":[16],"obtain_stats":[{"Pantograph":6,"Vajra":9,"Snecko Eye":17,"Snake Skull":8,"Coffee Dripper":0,"Ring of the Snake":0},{"Pantograph":4,"Vajra":5,"Snecko Eye":8,"Snake Skull":5,"Coffee Dripper":0,"Ring of the Snake":0},{"Pantograph":17,"Vajra":23,"Snecko Eye":35,"Snake Skull":23,"Coffee Dripper":0,"Ring of the Snake":0}]},"card_choices":[{"not_picked":["Eviscerate","PiercingWail"],"picked":"Predator","floor":1},{"not_picked":["Blur","Dodge and Roll"],"picked":"Blade Dance","floor":4},{"not_picked":["Acrobatics","Deflect"],"picked":"Blade Dance","floor":5},{"not_picked":["Expertise","Sucker Punch"],"picked":"Acrobatics","floor":6},{"not_picked":["Deadly Poison","Tactician"],"picked":"Die Die Die","floor":8},{"not_picked":["Slice","Outmaneuver"],"picked":"Bouncing Flask","floor":12},{"not_picked":["Acrobatics","Well Laid Plans"],"picked":"PiercingWail","floor":14},{"not_picked":["Grand Finale","Die Die Die"],"picked":"Burst","floor":16},{"not_picked":["Underhanded Strike","Flying Knee"],"picked":"Predator","floor":18},{"not_picked":["Cloak And Dagger","Dodge and Roll","Slice"],"picked":"SKIP","floor":22}],"player_experience":3228496,"relics_obtained":[{"floor":6,"key":"Pantograph"},{"floor":8,"key":"Snake Skull"},{"floor":9,"key":"Vajra"}],"event_choices":[{"damage_healed":0,"gold_gain":0,"player_choice":"Ignored","damage_taken":0,"max_hp_gain":0,"max_hp_loss":0,"event_name":"Liars Game","floor":3,"gold_loss":0},{"damage_healed":0,"gold_gain":0,"player_choice":"Fled","damage_taken":0,"max_hp_gain":0,"max_hp_loss":0,"event_name":"Scrap Ooze","floor":11,"gold_loss":0},{"damage_healed":0,"gold_gain":0,"player_choice":"Became a vampire","damage_taken":0,"max_hp_gain":0,"max_hp_loss":20,"event_name":"Vampires","floor":20,"gold_loss":0,"cards_obtained":["Bite","Bite","Bite","Bite","Bite"]},{"damage_healed":0,"gold_gain":50,"player_choice":"Pray","damage_taken":0,"max_hp_gain":0,"max_hp_loss":0,"event_name":"Golden Shrine","floor":21,"gold_loss":0}],"is_beta":true,"boss_relics":[{"not_picked":["Empty Cage","Philosopher\u0027s Stone"],"picked":"Snecko Eye"}],"items_purged_floors":[13,19],"is_endless":false,"potions_floor_spawned":[1,6,12,16],"killed_by":"Book of Stabbing","ascension_level":20}