{"gold_per_floor":[114,114,114,124,124,144,144,154,154,189,203,54,89,89,89,161,161,176,101,121,121,121,121,151,151,177,177,277,312,324,324,324,401,401,411,430,448,348,348,383,383,383,409,446,466,495,135,160,160,160,160,160,169,95,127,127],"floor_reached":57,"playtime":11641,"items_purged":["Strike_G","Strike_G","Strike_G"],"score":3095,"play_id":"7b57b7e9-41c3-469e-9a79-b5d014997dc3","local_time":"20210131203505","is_ascension_mode":true,"campfire_choices":[{"data":"Poisoned Stab","floor":7,"key":"SMITH"},{"data":"Crippling Poison","floor":15,"key":"SMITH"},{"data":"Catalyst","floor":23,"key":"SMITH"},{"data":"Catalyst","floor":25,"key":"SMITH"},{"data":"Burst","floor":27,"key":"SMITH"},{"floor":32,"key":"REST"},{"floor":42,"key":"RECALL"},{"floor":49,"key":"REST"},{"floor":53,"key":"REST"}],"neow_cost":"NONE","seed_source_timestamp":1525949342772700,"circlet_count":0,"master_deck":["AscendersBane","Defend_G","Defend_G","Defend_G","Defend_G","Defend_G","Survivor","Neutralize","Dash+1","Poisoned Stab+1","Crippling Poison+1","Dagger Throw","After Image","Catalyst+1","Catalyst+1","Poisoned Stab","Burst+1","Deflect","PiercingWail+1","PiercingWail","Burst","Blur","Dodge and Roll+1","Acrobatics","PiercingWail","Bouncing Flask","Leg Sweep","Calculated Gamble+1","Escape Plan+1","Leg Sweep"],"relics":["Runic Pyramid","FossilizedHelix","Pocketwatch","Singing Bowl","Runic Dome","Nunchaku","Strawberry","Ginger","Letter Opener","Dream Catcher","Fusion Hammer","CeramicFish","Anchor","Toy Ornithopter","Snake Skull"],"potions_floor_usage":[13,24,29,31,44,55,56],"damage_taken":[{"damage":0,"enemies":"Small Slimes","floor":1,"turns":4},{"damage":0,"enemies":"Jaw Worm","floor":4,"turns":4},{"damage":0,"enemies":"Cultist","floor":6,"turns":4},{"damage":3,"enemies":"Blue Slaver","floor":8,"turns":4},{"damage":0,"enemies":"Gremlin Nob","floor":10,"turns":4},{"damage":0,"enemies":"2 Fungi Beasts","floor":11,"turns":3},{"damage":0,"enemies":"3 Sentries","floor":13,"turns":9},{"damage":0,"enemies":"Slime Boss","floor":16,"turns":8},{"damage":0,"enemies":"Shell Parasite","floor":18,"turns":3},{"damage":0,"enemies":"Chosen","floor":20,"turns":3},{"damage":15,"enemies":"Slavers","floor":24,"turns":4},{"damage":0,"enemies":"Colosseum Slavers","floor":28,"turns":4},{"damage":12,"enemies":"Colosseum Nobs","floor":28,"turns":5},{"damage":12,"enemies":"Gremlin Leader","floor":29,"turns":4},{"damage":0,"enemies":"Snecko","floor":30,"turns":3},{"damage":0,"enemies":"3 Cultists","floor":31,"turns":3},{"damage":0,"enemies":"Automaton","floor":33,"turns":5},{"damage":0,"enemies":"Orb Walker","floor":35,"turns":3},{"damage":0,"enemies":"3 Shapes","floor":36,"turns":4},{"damage":0,"enemies":"Maw","floor":37,"turns":4},{"damage":0,"enemies":"Giant Head","floor":40,"turns":4},{"damage":0,"enemies":"Reptomancer","floor":44,"turns":1},{"damage":0,"enemies":"Jaw Worm Horde","floor":45,"turns":5},{"damage":0,"enemies":"4 Shapes","floor":46,"turns":4},{"damage":0,"enemies":"Writhing Mass","floor":48,"turns":4},{"damage":6,"enemies":"Awakened One","floor":50,"turns":13},{"damage":6,"enemies":"Donu and Deca","floor":51,"turns":8},{"damage":11,"enemies":"Shield and Spear","floor":55,"turns":8},{"damage":38,"enemies":"The Heart","floor":56,"turns":6}],"seed_played":"8213813773240545651","potions_obtained":[{"floor":1,"key":"Weak Potion"},{"floor":11,"key":"Energy Potion"},{"floor":13,"key":"Ancient Potion"},{"floor":16,"key":"DuplicationPotion"},{"floor":20,"key":"GhostInAJar"},{"floor":28,"key":"PowerPotion"},{"floor":29,"key":"SmokeBomb"},{"floor":36,"key":"DistilledChaos"},{"floor":45,"key":"GhostInAJar"}],"is_trial":false,"path_per_floor":["M","?","?","M","?","M","R","M","T","E","M","$","E","$","R","B",null,"M","?","M","?","?","R","E","R","T","R","?","E","M","M","R","B",null,"M","M","M","$","?","E","?","R","T","E","M","M","$","M","R","B","B",null,"R","$","E","B",null],"character_chosen":"THE_SILENT","items_purchased":["Catalyst","Leg Sweep","Toy Ornithopter","Leg Sweep"],"campfire_rested":3,"item_purchase_floors":[12,47,47,54],"current_hp_per_floor":[59,59,59,59,59,59,59,56,56,56,56,56,56,56,56,56,64,66,66,68,48,48,48,35,35,42,42,30,18,18,18,45,45,76,76,76,78,78,78,78,77,77,77,77,79,79,79,79,92,86,80,89,92,92,83,50],"gold":127,"neow_bonus":"BOSS_RELIC","is_prod":false,"is_daily":false,"chose_seed":false,"campfire_upgraded":5,"win_rate":0,"timestamp":1612154105,"path_taken":["M","?","?","M","?","M","R","M","T","E","?","$","E","$","R","BOSS","M","?","M","?","?","R","E","R","T","R","?","E","?","M","R","BOSS","M","M","?","$","?","E","?","R","T","E","M","M","$","M","R","BOSS","BOSS","R","$","E","BOSS"],"build_version":"2020-12-18","purchased_purges":3,"victory":true,"max_hp_per_floor":[66,66,66,66,66,66,66,66,66,66,66,66,66,66,66,66,66,68,68,70,75,75,75,77,77,84,84,84,84,84,84,86,86,86,86,86,88,88,84,84,88,88,88,88,90,90,90,90,92,92,92,92,92,92,94,94],"relic_stats":{"Nunchaku":[9],"Dream Catcher":3,"Singing Bowl":20,"counters":[29,138],"CeramicFish":63,"Snake Skull":[11],"Ginger":[12],"Letter Opener":[493],"obtain_stats":[{"Singing Bowl":13,"CeramicFish":40,"Snake Skull":55,"Ginger":28,"Letter Opener":28,"Runic Dome":17,"Nunchaku":24,"Dream Catcher":29,"Anchor":44,"Strawberry":26,"Fusion Hammer":34,"FossilizedHelix":9,"Toy Ornithopter":47,"Ring of the Snake":0,"Runic Pyramid":0,"Pocketwatch":10},{"Singing Bowl":7,"CeramicFish":21,"Snake Skull":28,"Ginger":13,"Letter Opener":13,"Runic Dome":8,"Nunchaku":11,"Dream Catcher":14,"Anchor":22,"Strawberry":11,"Fusion Hammer":17,"FossilizedHelix":4,"Toy Ornithopter":24,"Ring of the Snake":0,"Runic Pyramid":0,"Pocketwatch":5},{"Singing Bowl":32,"CeramicFish":89,"Snake Skull":132,"Ginger":59,"Letter Opener":59,"Runic Dome":40,"Nunchaku":50,"Dream Catcher":63,"Anchor":90,"Strawberry":50,"Fusion Hammer":74,"FossilizedHelix":16,"Toy Ornithopter":99,"Ring of the Snake":0,"Runic Pyramid":0,"Pocketwatch":20}],"Toy Ornithopter":5,"Pocketwatch":[60]},"card_choices":[{"not_picked":["Crippling Poison","Dagger Spray"],"picked":"Dash","floor":1},{"not_picked":["Slice","Backflip"],"picked":"Poisoned Stab","floor":4},{"not_picked":["Distraction","Slice"],"picked":"Crippling Poison","floor":6},{"not_picked":["Dodge and Roll","Deadly Poison"],"picked":"Dagger Throw","floor":8},{"not_picked":["Deadly Poison","Bane"],"picked":"After Image","floor":10},{"not_picked":["Quick Slash","Distraction"],"picked":"Catalyst","floor":11},{"not_picked":["Setup","Sucker Punch"],"picked":"Poisoned Stab","floor":13},{"not_picked":["Storm of Steel","Malaise"],"picked":"Burst","floor":16},{"not_picked":["Masterful Stab","Skewer","Dagger Spray"],"picked":"Singing Bowl","floor":18},{"not_picked":["Endless Agony","Well Laid Plans","Acrobatics"],"picked":"Singing Bowl","floor":20},{"not_picked":["Sucker Punch","Flying Knee","Poisoned Stab"],"picked":"Singing Bowl","floor":24},{"not_picked":["Dash","Poisoned Stab"],"picked":"Deflect","floor":28},{"not_picked":["Expertise","Blade Dance"],"picked":"PiercingWail+1","floor":29},{"not_picked":["Prepared","Concentrate"],"picked":"PiercingWail","floor":30},{"not_picked":["Flying Knee","Outmaneuver","Deflect"],"picked":"Singing Bowl","floor":32},{"not_picked":["Phantasmal Killer","Tools of the Trade"],"picked":"Burst","floor":33},{"not_picked":["Quick Slash","Cloak And Dagger"],"picked":"Blur","floor":35},{"not_picked":["Cloak And Dagger+1","Skewer+1"],"picked":"Dodge and Roll+1","floor":36},{"not_picked":["Predator+1","Dagger Throw","Caltrops"],"picked":"Singing Bowl","floor":37},{"not_picked":["Reflex","Well Laid Plans"],"picked":"Acrobatics","floor":40},{"not_picked":["Discovery","Purity","Jack Of All Trades"],"picked":"Singing Bowl","floor":41},{"not_picked":["Panacea","PanicButton","Jack Of All Trades"],"picked":"Singing Bowl","floor":41},{"not_picked":["Blade Dance+1","Dagger Spray"],"picked":"PiercingWail","floor":44},{"not_picked":["Poisoned Stab","Unload","Bane"],"picked":"Singing Bowl","floor":45},{"not_picked":["Expertise","Acrobatics"],"picked":"Bouncing Flask","floor":46},{"not_picked":["Dodge and Roll","Quick Slash"],"picked":"Calculated Gamble+1","floor":48},{"not_picked":["Finisher+1","Prepared","Quick Slash"],"picked":"Singing Bowl","floor":49},{"not_picked":["Infinite Blades+1","Tactician+1"],"picked":"Escape Plan+1","floor":53},{"not_picked":["Backstab+1","Acrobatics","Endless Agony"],"picked":"Singing Bowl","floor":55}],"player_experience":3229635,"relics_obtained":[{"floor":9,"key":"FossilizedHelix"},{"floor":10,"key":"Pocketwatch"},{"floor":13,"key":"Singing Bowl"},{"floor":24,"key":"Nunchaku"},{"floor":26,"key":"Strawberry"},{"floor":28,"key":"Ginger"},{"floor":28,"key":"Letter Opener"},{"floor":29,"key":"Dream Catcher"},{"floor":40,"key":"CeramicFish"},{"floor":44,"key":"Anchor"},{"floor":55,"key":"Snake Skull"}],"event_choices":[{"damage_healed":0,"gold_gain":0,"player_choice":"Leave","damage_taken":0,"max_hp_gain":0,"max_hp_loss":0,"event_name":"The Cleric","floor":2,"gold_loss":0},{"damage_healed":0,"gold_gain":0,"player_choice":"Grow","damage_taken":0,"max_hp_gain":0,"max_hp_loss":0,"event_name":"Living Wall","floor":3,"gold_loss":0,"cards_upgraded":["Dash"]},{"cards_removed":["Strike_G"],"damage_healed":0,"gold_gain":0,"player_choice":"Offered Basic","damage_taken":0,"max_hp_gain":0,"max_hp_loss":0,"event_name":"Bonfire Elementals","floor":5,"gold_loss":0},{"cards_removed":["Strike_G"],"damage_healed":0,"gold_gain":0,"player_choice":"Gave Gold","damage_taken":0,"max_hp_gain":0,"max_hp_loss":0,"event_name":"Beggar","floor":19,"gold_loss":75},{"damage_healed":0,"gold_gain":0,"player_choice":"Shed Blood","damage_taken":25,"max_hp_gain":5,"max_hp_loss":0,"event_name":"Forgotten Altar","floor":21,"gold_loss":0},{"damage_healed":0,"gold_gain":0,"player_choice":"Ignored","damage_taken":0,"max_hp_gain":0,"max_hp_loss":0,"event_name":"Vampires","floor":22,"gold_loss":0},{"damage_healed":0,"gold_gain":0,"player_choice":"Fight","damage_taken":0,"max_hp_gain":0,"max_hp_loss":0,"event_name":"Colosseum","floor":28,"gold_loss":0},{"damage_healed":0,"gold_gain":0,"player_choice":"Fought Nobs","damage_taken":0,"max_hp_gain":0,"max_hp_loss":0,"event_name":"Colosseum","floor":28,"gold_loss":0},{"damage_healed":0,"gold_gain":0,"player_choice":"Max HP","damage_taken":0,"max_hp_gain":0,"max_hp_loss":4,"event_name":"Winding Halls","floor":39,"gold_loss":0},{"damage_healed":0,"gold_gain":0,"player_choice":"Memory 2","damage_taken":5,"max_hp_gain":0,"max_hp_loss":0,"event_name":"SensoryStone","floor":41,"gold_loss":0}],"is_beta":true,"boss_relics":[{"not_picked":["HoveringKite","SacredBark"],"picked":"Runic Dome"},{"not_picked":["Black Star","Snecko Eye"],"picked":"Fusion Hammer"}],"items_purged_floors":[12,38,47],"is_endless":false,"potions_floor_spawned":[1,11,13,16,20,28,29,36,40,45,46],"ascension_level":20}