{"gold_per_floor":[360,285,301,315,315,315,350,350,418,418,454,75,100,172,172,265,265,285,11,211,227,60,94,94,138,138,181,199,199,230,355,355,444,444,464,27,43,0,0,44,44,64,64,64,95,113,29,60,60,60,60,60,60,8,48,48],"floor_reached":56,"playtime":4942,"items_purged":["Shame","Expertise","Doppelganger"],"score":2304,"play_id":"802c8639-2d5e-48f9-a462-5bb64a06c371","local_time":"20210203181232","is_ascension_mode":true,"campfire_choices":[{"data":"Dagger Spray","floor":6,"key":"SMITH"},{"data":"Blade Dance","floor":8,"key":"SMITH"},{"floor":10,"key":"REST"},{"data":"Blade Dance","floor":15,"key":"SMITH"},{"floor":24,"key":"REST"},{"data":"Adrenaline","floor":29,"key":"SMITH"},{"data":"Malaise","floor":32,"key":"SMITH"},{"floor":41,"key":"RECALL"},{"data":"Terror","floor":44,"key":"SMITH"},{"data":"Accuracy","floor":49,"key":"SMITH"},{"data":"Accuracy","floor":53,"key":"SMITH"}],"neow_cost":"CURSE","seed_source_timestamp":1783364270570200,"circlet_count":0,"master_deck":["AscendersBane","Survivor","Neutralize","Blade Dance","Blade Dance+1","Blade Dance+1","Choke+1","Dash+1","Venomology","Sucker Punch+1","Dagger Spray+1","PiercingWail","Escape Plan","Terror+1","Glass Knife+1","Malaise","Corpse Explosion","Adrenaline+1","Malaise+1","Underhanded Strike+1","PiercingWail","Deflect","Leg Sweep","PiercingWail","Finisher+1","Acrobatics","Good Instincts","Dodge and Roll","Backflip","Deflect","Accuracy+1","Accuracy+1","Acrobatics+1","Backflip","Cloak And Dagger"],"relics":["Ring of the Serpent","Golden Idol","Odd Mushroom","Kunai","Molten Egg 2","Orrery","Lantern","Gremlin Horn","Pandora\u0027s Box","Membership Card","Ice Cream","Blood Vial","Bag of Preparation","Bottled Lightning","Calipers","Orichalcum","FossilizedHelix","Singing Bowl","Anchor","Medical Kit","Question Card","Red Mask","CaptainsWheel","Pantograph","DollysMirror","Du-Vu Doll","Tough Bandages"],"potions_floor_usage":[7,16,16,16,25,25,27,28,31,33,33,35,40,45,45,46,56,56],"damage_taken":[{"damage":13,"enemies":"Cultist","floor":1,"turns":6},{"damage":7,"enemies":"2 Louse","floor":3,"turns":2},{"damage":2,"enemies":"Jaw Worm","floor":4,"turns":4},{"damage":13,"enemies":"The Mushroom Lair","floor":7,"turns":2},{"damage":5,"enemies":"Lagavulin","floor":11,"turns":7},{"damage":5,"enemies":"Blue Slaver","floor":13,"turns":3},{"damage":28,"enemies":"Hexaghost","floor":16,"turns":10},{"damage":8,"enemies":"2 Thieves","floor":18,"turns":3},{"damage":0,"enemies":"3 Byrds","floor":21,"turns":3},{"damage":0,"enemies":"Gremlin Leader","floor":23,"turns":4},{"damage":13,"enemies":"Book of Stabbing","floor":25,"turns":6},{"damage":6,"enemies":"Gremlin Leader","floor":27,"turns":6},{"damage":0,"enemies":"Centurion and Healer","floor":28,"turns":3},{"damage":0,"enemies":"Slavers","floor":30,"turns":1},{"damage":0,"enemies":"Colosseum Slavers","floor":31,"turns":2},{"damage":2,"enemies":"Colosseum Nobs","floor":31,"turns":3},{"damage":4,"enemies":"Collector","floor":33,"turns":8},{"damage":0,"enemies":"3 Shapes","floor":35,"turns":3},{"damage":0,"enemies":"Orb Walker","floor":37,"turns":2},{"damage":0,"enemies":"Reptomancer","floor":40,"turns":5},{"damage":0,"enemies":"4 Shapes","floor":42,"turns":1},{"damage":20,"enemies":"Giant Head","floor":45,"turns":7},{"damage":0,"enemies":"Sphere and 2 Shapes","floor":46,"turns":3},{"damage":0,"enemies":"Mind Bloom Boss Battle","floor":48,"turns":3},{"damage":26,"enemies":"Donu and Deca","floor":50,"turns":7},{"damage":0,"enemies":"Awakened One","floor":51,"turns":19},{"damage":6,"enemies":"Shield and Spear","floor":55,"turns":6},{"damage":75,"enemies":"The Heart","floor":56,"turns":8}],"seed_played":"4404900481456582471","potions_obtained":[{"floor":1,"key":"LiquidMemories"},{"floor":3,"key":"PowerPotion"},{"floor":21,"key":"FearPotion"},{"floor":27,"key":"Explosive Potion"},{"floor":33,"key":"BlessingOfTheForge"},{"floor":40,"key":"SneckoOil"},{"floor":45,"key":"DuplicationPotion"}],"is_trial":false,"path_per_floor":["M","$","M","M","?","R","?","R","T","R","E","$","M","T","R","B",null,"M","$","?","M","$","E","R","E","T","E","M","R","E","?","R","B",null,"M","$","M","?","?","E","R","M","T","R","E","M","$","?","R","B","B",null,"R","$","E","B"],"character_chosen":"THE_SILENT","items_purchased":["Orrery","PiercingWail","Lantern","Membership Card","PiercingWail","Block Potion","Ice Cream","Anchor","Medical Kit","Question Card","Acrobatics","Good Instincts","DollysMirror","Backflip","Cloak And Dagger"],"campfire_rested":2,"item_purchase_floors":[12,12,12,19,19,19,22,36,36,36,36,36,47,54,54],"current_hp_per_floor":[46,46,39,37,37,37,24,24,24,42,37,37,32,32,32,4,46,38,38,38,38,38,38,56,45,45,41,43,43,45,49,49,49,60,62,62,64,64,64,66,66,66,66,66,46,48,48,66,66,40,66,66,66,66,62,0],"gold":48,"neow_bonus":"TWO_FIFTY_GOLD","is_prod":false,"is_daily":false,"chose_seed":false,"campfire_upgraded":8,"win_rate":0,"timestamp":1612404752,"path_taken":["M","$","M","M","?","R","?","R","T","R","E","?","M","?","R","BOSS","M","$","?","?","?","E","R","E","T","E","M","R","E","?","R","BOSS","M","$","M","?","?","E","R","M","T","R","E","M","?","?","R","BOSS","BOSS","R","$","E","BOSS"],"build_version":"2020-12-18","purchased_purges":3,"victory":false,"max_hp_per_floor":[66,66,66,66,60,60,60,60,60,60,60,60,60,60,60,60,60,60,60,60,60,60,60,60,60,60,60,60,60,60,62,62,64,64,64,64,64,64,64,66,66,66,66,66,66,66,66,66,66,66,66,66,66,66,68,68],"relic_stats":{"Gremlin Horn":[31,31],"Singing Bowl":8,"counters":[28,137],"Golden Idol":205,"Bag of Preparation":[34],"Orichalcum":[48],"Medical Kit":[13],"Question Card":7,"Blood Vial":21,"Tough Bandages":[15],"Pantograph":49,"Pandora\u0027s Box":["Escape Plan","Terror","Glass Knife","Malaise","Corpse Explosion","Adrenaline","Expertise","Malaise","Underhanded Strike","Doppelganger"],"Kunai":[109],"obtain_stats":[{"Ice Cream":22,"Lantern":12,"Calipers":27,"Gremlin Horn":14,"Singing Bowl":31,"Bag of Preparation":25,"Blood Vial":23,"Tough Bandages":55,"DollysMirror":47,"Pantograph":45,"Red Mask":38,"Kunai":9,"Ring of the Snake":0,"Golden Idol":5,"Odd Mushroom":7,"Orichalcum":30,"Medical Kit":36,"Question Card":36,"Du-Vu Doll":48,"Anchor":36,"CaptainsWheel":40,"Orrery":12,"Molten Egg 2":11,"Pandora\u0027s Box":17,"Membership Card":19,"Bottled Lightning":26,"FossilizedHelix":31,"Ring of the Serpent":34},{"Ice Cream":9,"Lantern":5,"Calipers":12,"Gremlin Horn":6,"Singing Bowl":16,"Bag of Preparation":11,"Blood Vial":10,"Tough Bandages":27,"DollysMirror":23,"Pantograph":22,"Red Mask":19,"Kunai":4,"Ring of the Snake":0,"Golden Idol":3,"Odd Mushroom":4,"Orichalcum":14,"Medical Kit":18,"Question Card":18,"Du-Vu Doll":24,"Anchor":18,"CaptainsWheel":20,"Orrery":5,"Molten Egg 2":5,"Pandora\u0027s Box":7,"Membership Card":8,"Bottled Lightning":11,"FossilizedHelix":16,"Ring of the Serpent":17},{"Ice Cream":40,"Lantern":21,"Calipers":56,"Gremlin Horn":24,"Singing Bowl":65,"Bag of Preparation":50,"Blood Vial":44,"Tough Bandages":129,"DollysMirror":94,"Pantograph":91,"Red Mask":78,"Kunai":14,"Ring of the Snake":0,"Golden Idol":12,"Odd Mushroom":14,"Orichalcum":60,"Medical Kit":76,"Question Card":76,"Du-Vu Doll":97,"Anchor":76,"CaptainsWheel":83,"Orrery":21,"Molten Egg 2":21,"Pandora\u0027s Box":34,"Membership Card":37,"Bottled Lightning":50,"FossilizedHelix":65,"Ring of the Serpent":73}]},"card_choices":[{"not_picked":["Deflect","Backflip"],"picked":"Dagger Spray","floor":1},{"not_picked":["Flechettes","PiercingWail"],"picked":"Blade Dance","floor":3},{"not_picked":["Expertise","Cloak And Dagger"],"picked":"Blade Dance","floor":4},{"not_picked":["Quick Slash","Dagger Throw"],"picked":"Blade Dance","floor":7},{"not_picked":["All Out Attack+1","Heel Hook+1"],"picked":"Choke+1","floor":11},{"not_picked":["Noxious Fumes","Acrobatics"],"picked":"Dash+1","floor":12},{"not_picked":["Backstab+1","Deadly Poison"],"picked":"Venomology","floor":12},{"not_picked":["Masterful Stab+1","Riddle With Holes+1"],"picked":"Sucker Punch+1","floor":12},{"not_picked":["Outmaneuver","Choke+1"],"picked":"Dagger Spray+1","floor":12},{"not_picked":["Bouncing Flask","Sucker Punch+1","Caltrops"],"picked":"SKIP","floor":13},{"not_picked":["Prepared","Expertise","Flying Knee+1"],"picked":"SKIP","floor":18},{"not_picked":["Acrobatics","Outmaneuver"],"picked":"Deflect","floor":21},{"not_picked":["Cloak And Dagger","Choke+1"],"picked":"Leg Sweep","floor":23},{"not_picked":["Dagger Throw+1","Predator+1","Flechettes+1"],"picked":"SKIP","floor":25},{"not_picked":["Underhanded Strike+1","Dagger Spray+1","Unload+1"],"picked":"SKIP","floor":27},{"not_picked":["Prepared","Underhanded Strike+1","Slice+1"],"picked":"SKIP","floor":28},{"not_picked":["Venomology","Underhanded Strike+1"],"picked":"PiercingWail","floor":30},{"not_picked":["Deadly Poison+1","Setup","Crippling Poison"],"picked":"Singing Bowl","floor":31},{"not_picked":["Bullet Time","Tools of the Trade","Doppelganger"],"picked":"Singing Bowl","floor":33},{"not_picked":["Flechettes+1","Sucker Punch+1"],"picked":"Finisher+1","floor":35},{"not_picked":["Poisoned Stab+1","Prepared+1","Leg Sweep"],"picked":"Dodge and Roll","floor":37},{"not_picked":["Poisoned Stab+1","PiercingWail","Bane+1","Blade Dance"],"picked":"Singing Bowl","floor":40},{"not_picked":["Finisher+1","Bouncing Flask+1","Escape Plan"],"picked":"Backflip","floor":42},{"not_picked":["Underhanded Strike+1","Bane+1","Quick Slash+1"],"picked":"Deflect","floor":45},{"not_picked":["Acrobatics","Quick Slash+1","Deflect"],"picked":"Accuracy","floor":46},{"not_picked":["Envenom","Outmaneuver","Dagger Throw+1"],"picked":"Acrobatics+1","floor":48},{"not_picked":["Flying Knee+1","Leg Sweep","Doppelganger","Underhanded Strike+1"],"picked":"Singing Bowl","floor":55}],"player_experience":3251252,"relics_obtained":[{"floor":7,"key":"Odd Mushroom"},{"floor":9,"key":"Kunai"},{"floor":11,"key":"Molten Egg 2"},{"floor":14,"key":"Gremlin Horn"},{"floor":23,"key":"Blood Vial"},{"floor":25,"key":"Bag of Preparation"},{"floor":26,"key":"Bottled Lightning"},{"floor":27,"key":"Calipers"},{"floor":30,"key":"Orichalcum"},{"floor":31,"key":"FossilizedHelix"},{"floor":31,"key":"Singing Bowl"},{"floor":40,"key":"CaptainsWheel"},{"floor":45,"key":"Pantograph"},{"floor":48,"key":"Du-Vu Doll"},{"floor":55,"key":"Tough Bandages"}],"event_choices":[{"damage_healed":0,"gold_gain":0,"player_choice":"Lose Max HP","damage_taken":0,"relics_obtained":["Golden Idol"],"max_hp_gain":0,"max_hp_loss":6,"event_name":"Golden Idol","floor":5,"gold_loss":0},{"damage_healed":0,"gold_gain":0,"player_choice":"Fought Mushrooms","damage_taken":0,"max_hp_gain":0,"max_hp_loss":0,"event_name":"Mushrooms","floor":7,"gold_loss":0},{"damage_healed":0,"gold_gain":200,"player_choice":"Gold","damage_taken":0,"max_hp_gain":0,"max_hp_loss":0,"event_name":"Wheel of Change","floor":20,"gold_loss":0},{"damage_healed":0,"gold_gain":0,"player_choice":"Fight","damage_taken":0,"max_hp_gain":0,"max_hp_loss":0,"event_name":"Colosseum","floor":31,"gold_loss":0},{"damage_healed":0,"gold_gain":0,"player_choice":"Fought Nobs","damage_taken":0,"max_hp_gain":0,"max_hp_loss":0,"event_name":"Colosseum","floor":31,"gold_loss":0},{"damage_healed":0,"gold_gain":0,"player_choice":"Paid","damage_taken":0,"relics_obtained":["Red Mask"],"max_hp_gain":0,"max_hp_loss":0,"event_name":"Tomb of Lord Red Mask","floor":38,"gold_loss":43},{"cards_removed":["Dagger Spray"],"damage_healed":0,"gold_gain":0,"player_choice":"Removed Attack","damage_taken":0,"max_hp_gain":0,"max_hp_loss":0,"event_name":"Falling","floor":39,"gold_loss":0},{"damage_healed":0,"gold_gain":0,"player_choice":"Fight","damage_taken":0,"max_hp_gain":0,"max_hp_loss":0,"event_name":"MindBloom","floor":48,"gold_loss":0}],"is_beta":true,"boss_relics":[{"not_picked":["SlaversCollar","Tiny House"],"picked":"Pandora\u0027s Box"},{"not_picked":["Empty Cage","Astrolabe"],"picked":"Ring of the Serpent"}],"items_purged_floors":[2,19,36],"is_endless":false,"potions_floor_spawned":[1,3,13,21,23,27,28,30,33,40,45,48,55],"killed_by":"The Heart","ascension_level":20}