{"gold_per_floor":[116,133,3,14,30,30,63,77,77,88,88,88,88,115,115,186,186,200,200,211,221,146,146,171,183,232,252,271,271,287,287],"floor_reached":31,"playtime":1499,"items_purged":["Strike_G"],"score":692,"play_id":"82e3f172-edd8-4103-b6f0-016586eea1b1","local_time":"20210207132912","is_ascension_mode":true,"campfire_choices":[{"data":"Bane","floor":6,"key":"SMITH"},{"data":"Deadly Poison","floor":11,"key":"SMITH"},{"data":"Catalyst","floor":13,"key":"SMITH"},{"data":"Bane","floor":15,"key":"SMITH"},{"floor":23,"key":"REST"},{"data":"Noxious Fumes","floor":29,"key":"SMITH"}],"neow_cost":"TEN_PERCENT_HP_LOSS","seed_source_timestamp":2115409665402900,"circlet_count":0,"master_deck":["AscendersBane","Strike_G","Strike_G","Strike_G","Strike_G","Defend_G","Defend_G","Defend_G","Defend_G","Defend_G","Survivor","Neutralize","Deadly Poison+1","Catalyst+1","Bane+1","Bane+1","PiercingWail","After Image","Malaise","Deadly Poison+1","Bouncing Flask","Catalyst","Wraith Form v2","Acrobatics","Noxious Fumes+1","PiercingWail"],"relics":["Ring of the Snake","The Specimen","Toy Ornithopter","Pantograph","Blue Candle","Velvet Choker","Lantern","Bag of Marbles"],"potions_floor_usage":[5,7,20,24,24,30,31],"damage_taken":[{"damage":3,"enemies":"Cultist","floor":1,"turns":6},{"damage":3,"enemies":"2 Louse","floor":2,"turns":3},{"damage":2,"enemies":"Jaw Worm","floor":4,"turns":4},{"damage":0,"enemies":"3 Louse","floor":5,"turns":3},{"damage":17,"enemies":"Lagavulin","floor":7,"turns":5},{"damage":10,"enemies":"Red Slaver","floor":8,"turns":4},{"damage":2,"enemies":"2 Fungi Beasts","floor":10,"turns":4},{"damage":3,"enemies":"Gremlin Nob","floor":14,"turns":3},{"damage":0,"enemies":"Hexaghost","floor":16,"turns":7},{"damage":7,"enemies":"3 Byrds","floor":18,"turns":5},{"damage":14,"enemies":"2 Thieves","floor":20,"turns":4},{"damage":19,"enemies":"Centurion and Healer","floor":21,"turns":5},{"damage":13,"enemies":"Slavers","floor":24,"turns":4},{"damage":0,"enemies":"Chosen and Byrds","floor":25,"turns":3},{"damage":2,"enemies":"Snecko","floor":27,"turns":3},{"damage":11,"enemies":"3 Cultists","floor":28,"turns":4},{"damage":3,"enemies":"Sentry and Sphere","floor":30,"turns":3},{"damage":35,"enemies":"Book of Stabbing","floor":31,"turns":4}],"seed_played":"-9114951241166246028","potions_obtained":[{"floor":2,"key":"SpeedPotion"},{"floor":5,"key":"AttackPotion"},{"floor":7,"key":"Weak Potion"},{"floor":8,"key":"Fire Potion"},{"floor":21,"key":"Weak Potion"},{"floor":25,"key":"Strength Potion"},{"floor":28,"key":"Swift Potion"},{"floor":30,"key":"Fruit Juice"}],"is_trial":false,"path_per_floor":["M","M","$","M","M","R","E","M","T","M","R","?","R","E","R","B",null,"M","?","M","M","$","R","E","M","T","M","M","R","M","E"],"character_chosen":"THE_SILENT","items_purchased":["CunningPotion","Bane"],"campfire_rested":1,"item_purchase_floors":[3,3],"current_hp_per_floor":[56,53,53,51,51,51,34,24,24,22,22,22,22,19,19,44,56,49,49,40,21,21,39,36,36,36,34,23,23,30,0],"gold":287,"neow_bonus":"ONE_RARE_RELIC","is_prod":false,"is_daily":false,"chose_seed":false,"campfire_upgraded":5,"win_rate":0,"timestamp":1612733352,"path_taken":["M","?","$","M","M","R","E","M","T","M","R","?","R","E","R","BOSS","M","?","M","M","$","R","E","M","T","M","M","R","M","E"],"build_version":"2020-12-18","purchased_purges":1,"victory":false,"max_hp_per_floor":[60,60,60,60,60,60,60,60,60,60,60,60,60,60,60,60,60,60,60,60,60,60,60,60,60,60,60,60,60,65,65],"relic_stats":{"counters":[18,74],"Pantograph":25,"Blue Candle":[0],"obtain_stats":[{"Lantern":24,"The Specimen":0,"Pantograph":9,"Blue Candle":14,"Velvet Choker":17,"Bag of Marbles":26,"Toy Ornithopter":7,"Ring of the Snake":0},{"Lantern":13,"The Specimen":0,"Pantograph":6,"Blue Candle":8,"Velvet Choker":9,"Bag of Marbles":14,"Toy Ornithopter":5,"Ring of the Snake":0},{"Lantern":57,"The Specimen":0,"Pantograph":25,"Blue Candle":32,"Velvet Choker":39,"Bag of Marbles":60,"Toy Ornithopter":21,"Ring of the Snake":0}],"Toy Ornithopter":25,"Ring of the Snake":[36]},"card_choices":[{"not_picked":["Heel Hook","Outmaneuver"],"picked":"Deadly Poison","floor":1},{"not_picked":["Deflect","Cloak And Dagger"],"picked":"Catalyst","floor":2},{"not_picked":["Prepared","Blade Dance"],"picked":"Bane","floor":4},{"not_picked":["Masterful Stab","Accuracy","Acrobatics"],"picked":"SKIP","floor":5},{"not_picked":["Escape Plan","Masterful Stab"],"picked":"PiercingWail","floor":7},{"not_picked":["Setup","Quick Slash","Blade Dance"],"picked":"SKIP","floor":8},{"not_picked":["Reflex","Deflect"],"picked":"After Image","floor":10},{"not_picked":["Flying Knee","Bane","Dodge and Roll"],"picked":"SKIP","floor":14},{"not_picked":["Storm of Steel","Phantasmal Killer"],"picked":"Malaise","floor":16},{"not_picked":["Quick Slash","Leg Sweep"],"picked":"Deadly Poison+1","floor":18},{"not_picked":["Underhanded Strike","Riddle With Holes"],"picked":"Bouncing Flask","floor":20},{"not_picked":["Slice","Bane"],"picked":"Catalyst","floor":21},{"not_picked":["Outmaneuver","Acrobatics"],"picked":"Wraith Form v2","floor":24},{"not_picked":["Poisoned Stab","Sucker Punch","Prepared"],"picked":"SKIP","floor":25},{"not_picked":["Slice+1","Bouncing Flask"],"picked":"Acrobatics","floor":27},{"not_picked":["Grand Finale","Cloak And Dagger"],"picked":"Noxious Fumes","floor":28},{"not_picked":["Blade Dance+1","Cloak And Dagger"],"picked":"PiercingWail","floor":30}],"player_experience":3286009,"relics_obtained":[{"floor":7,"key":"Toy Ornithopter"},{"floor":9,"key":"Pantograph"},{"floor":14,"key":"Blue Candle"},{"floor":24,"key":"Lantern"},{"floor":26,"key":"Bag of Marbles"}],"event_choices":[{"damage_healed":0,"gold_gain":0,"player_choice":"Ignored","damage_taken":0,"max_hp_gain":0,"max_hp_loss":0,"event_name":"Liars Game","floor":12,"gold_loss":0}],"is_beta":true,"boss_relics":[{"not_picked":["WristBlade","SlaversCollar"],"picked":"Velvet Choker"}],"items_purged_floors":[22],"is_endless":false,"potions_floor_spawned":[2,5,7,8,21,25,28,30],"killed_by":"Book of Stabbing","ascension_level":20}