{"gold_per_floor":[212,287,307,30,30,30,40,40,118,153,153,164,164,164,164,236,236,250,264,276,276,276,276,276],"floor_reached":24,"playtime":3470,"items_purged":[],"score":388,"play_id":"f688b83d-a525-4c3f-b276-32093e898746","local_time":"20210130220709","is_ascension_mode":true,"campfire_choices":[{"data":"Predator","floor":6,"key":"SMITH"},{"floor":8,"key":"REST"},{"data":"Glass Knife","floor":13,"key":"SMITH"},{"data":"Dash","floor":15,"key":"SMITH"},{"floor":23,"key":"REST"}],"neow_cost":"NONE","seed_source_timestamp":1453323187435300,"circlet_count":0,"master_deck":["AscendersBane","Strike_G+1","Strike_G+1","Strike_G+1","Strike_G+1","Strike_G+1","Defend_G+1","Defend_G+1","Defend_G+1","Defend_G+1","Defend_G+1","Survivor","Neutralize+1","Predator+1","Underhanded Strike","PiercingWail","Glass Knife+1","Dash+1","After Image","Dagger Spray+1","Acrobatics"],"relics":["Ring of the Snake","Question Card","Oddly Smooth Stone","HoveringKite"],"potions_floor_usage":[10,10,16,19,24],"damage_taken":[{"damage":6,"enemies":"Jaw Worm","floor":1,"turns":7},{"damage":7,"enemies":"Small Slimes","floor":3,"turns":4},{"damage":0,"enemies":"2 Louse","floor":7,"turns":3},{"damage":11,"enemies":"Lagavulin","floor":10,"turns":6},{"damage":0,"enemies":"2 Fungi Beasts","floor":12,"turns":3},{"damage":11,"enemies":"The Guardian","floor":16,"turns":15},{"damage":12,"enemies":"Chosen","floor":18,"turns":5},{"damage":0,"enemies":"3 Byrds","floor":19,"turns":6},{"damage":22,"enemies":"Snecko","floor":20,"turns":7},{"damage":44,"enemies":"Gremlin Leader","floor":24,"turns":5}],"seed_played":"7718830030906135257","potions_obtained":[{"floor":1,"key":"AttackPotion"},{"floor":3,"key":"SkillPotion"},{"floor":14,"key":"Fire Potion"},{"floor":14,"key":"Explosive Potion"},{"floor":16,"key":"SpeedPotion"},{"floor":18,"key":"DuplicationPotion"}],"is_trial":false,"path_per_floor":["M","?","M","$","?","R","M","R","T","E","?","M","R","?","R","B",null,"M","M","M","?","?","R","E"],"character_chosen":"THE_SILENT","items_purchased":["Question Card"],"campfire_rested":2,"item_purchase_floors":[4],"current_hp_per_floor":[53,42,35,35,15,15,15,34,34,23,23,23,23,23,23,12,53,41,41,19,19,19,38,0],"gold":276,"neow_bonus":"HUNDRED_GOLD","is_prod":false,"is_daily":false,"chose_seed":false,"campfire_upgraded":3,"win_rate":0,"timestamp":1612073229,"path_taken":["M","?","M","$","?","R","M","R","T","E","?","M","R","?","R","BOSS","M","M","M","?","?","R","E"],"build_version":"2020-12-18","purchased_purges":0,"victory":false,"max_hp_per_floor":[66,66,66,66,66,66,66,66,66,66,66,66,66,66,66,66,66,66,66,66,66,66,66,66],"relic_stats":{"counters":[10,61],"HoveringKite":[5],"Question Card":7,"obtain_stats":[{"Oddly Smooth Stone":10,"HoveringKite":17,"Question Card":4,"Ring of the Snake":0},{"Oddly Smooth Stone":4,"HoveringKite":6,"Question Card":2,"Ring of the Snake":0},{"Oddly Smooth Stone":20,"HoveringKite":38,"Question Card":11,"Ring of the Snake":0}],"Ring of the Snake":[20]},"card_choices":[{"not_picked":["Dodge and Roll","Calculated Gamble"],"picked":"Predator","floor":1},{"not_picked":["Bane","Calculated Gamble"],"picked":"Underhanded Strike","floor":3},{"not_picked":["Underhanded Strike","Escape Plan","Blade Dance"],"picked":"PiercingWail","floor":7},{"not_picked":["Dodge and Roll","PiercingWail","Choke"],"picked":"Glass Knife","floor":10},{"not_picked":["Tactician","Dodge and Roll","Catalyst"],"picked":"Dash","floor":12},{"not_picked":["Doppelganger","Tools of the Trade","Envenom"],"picked":"After Image","floor":16},{"not_picked":["Predator","Slice","Cloak And Dagger","Infinite Blades"],"picked":"SKIP","floor":18},{"not_picked":["Acrobatics+1","Flechettes+1","Blade Dance"],"picked":"Dagger Spray+1","floor":19},{"not_picked":["Dodge and Roll","Cloak And Dagger","Quick Slash","Endless Agony"],"picked":"SKIP","floor":20}],"player_experience":3216956,"relics_obtained":[{"floor":10,"key":"Oddly Smooth Stone"}],"event_choices":[{"damage_healed":0,"gold_gain":75,"player_choice":"Gather Gold","damage_taken":11,"max_hp_gain":0,"max_hp_loss":0,"event_name":"World of Goop","floor":2,"gold_loss":0},{"damage_healed":0,"gold_gain":0,"player_choice":"Entered Light","damage_taken":20,"max_hp_gain":0,"max_hp_loss":0,"event_name":"Shining Light","floor":5,"gold_loss":0,"cards_upgraded":["Strike_G","Neutralize"]},{"damage_healed":0,"gold_gain":0,"player_choice":"Ignored","damage_taken":0,"max_hp_gain":0,"max_hp_loss":0,"event_name":"Liars Game","floor":11,"gold_loss":0},{"damage_healed":0,"gold_gain":0,"player_choice":"Got Potions","damage_taken":0,"max_hp_gain":0,"max_hp_loss":0,"event_name":"Lab","floor":14,"gold_loss":0},{"damage_healed":0,"gold_gain":0,"player_choice":"Read","damage_taken":0,"max_hp_gain":0,"max_hp_loss":0,"event_name":"The Library","floor":21,"gold_loss":0,"cards_obtained":["Acrobatics"]},{"damage_healed":0,"gold_gain":0,"player_choice":"Simplicity","damage_taken":0,"max_hp_gain":0,"max_hp_loss":0,"event_name":"Back to Basics","floor":22,"gold_loss":0,"cards_upgraded":["Strike_G","Strike_G","Strike_G","Strike_G","Defend_G","Defend_G","Defend_G","Defend_G","Defend_G"]}],"is_beta":true,"boss_relics":[{"not_picked":["SacredBark","Sozu"],"picked":"HoveringKite"}],"items_purged_floors":[],"is_endless":false,"potions_floor_spawned":[1,3,16,18],"killed_by":"Gremlin Leader","ascension_level":20}