{"gold_per_floor":[14,29,46,69,69,69,113,132,132,161,176,176,192,213,213,300,300,327,327,356,64,44,44,87,100,150,194,194,215,215,241,241,324,324,341,3,26,40,40,40,79,79,79,114,114,9,34,76,76,76,76,76,76,35,68,68],"floor_reached":56,"playtime":4814,"items_purged":["Strike_G+1"],"score":2274,"play_id":"a4425136-a8ac-497b-9c16-6880de01842d","local_time":"20210509100637","is_ascension_mode":true,"campfire_choices":[{"data":"Cloak And Dagger","floor":6,"key":"SMITH"},{"floor":12,"key":"REST"},{"data":"Caltrops","floor":15,"key":"SMITH"},{"floor":23,"key":"REST"},{"data":"Cloak And Dagger","floor":28,"key":"SMITH"},{"data":"PiercingWail","floor":30,"key":"SMITH"},{"data":"Predator","floor":32,"key":"SMITH"},{"data":"A Thousand Cuts","floor":40,"key":"SMITH"},{"floor":42,"key":"RECALL"},{"data":"Predator","floor":45,"key":"SMITH"},{"data":"Blur","floor":49,"key":"SMITH"},{"data":"After Image","floor":53,"key":"SMITH"}],"neow_cost":"NO_GOLD","seed_source_timestamp":862502973024500,"circlet_count":0,"master_deck":["AscendersBane","Strike_G+1","Strike_G+1","Strike_G+1","Defend_G+1","Defend_G+1","Defend_G+1","Defend_G+1","Defend_G+1","Survivor","Neutralize","Quick Slash","Cloak And Dagger+1","Caltrops+1","Cloak And Dagger+1","Phantasmal Killer","After Image+1","Calculated Gamble","Blade Dance","PiercingWail","Flying Knee+1","Backflip","PiercingWail+1","Predator+1","A Thousand Cuts+1","Predator+1","Calculated Gamble","Blur+1","Terror","Backflip+1","Acrobatics"],"relics":["Ring of the Snake","Dead Branch","Anchor","CeramicFish","Regal Pillow","Snecko Eye","White Beast Statue","Thread and Needle","Bag of Marbles","Pantograph","Sozu","Gambling Chip","Shuriken","Mummified Hand","MealTicket","Tough Bandages"],"potions_floor_usage":[7,8,24,24,33,34,34,50,50],"damage_taken":[{"damage":7,"enemies":"Cultist","floor":1,"turns":6},{"damage":0,"enemies":"2 Louse","floor":2,"turns":4},{"damage":2,"enemies":"Small Slimes","floor":3,"turns":4},{"damage":17,"enemies":"Gremlin Nob","floor":7,"turns":4},{"damage":0,"enemies":"Gremlin Gang","floor":8,"turns":3},{"damage":0,"enemies":"3 Sentries","floor":10,"turns":9},{"damage":0,"enemies":"Red Slaver","floor":11,"turns":3},{"damage":0,"enemies":"Blue Slaver","floor":13,"turns":4},{"damage":0,"enemies":"Exordium Wildlife","floor":14,"turns":2},{"damage":37,"enemies":"The Guardian","floor":16,"turns":14},{"damage":2,"enemies":"Chosen","floor":18,"turns":4},{"damage":15,"enemies":"Spheric Guardian","floor":20,"turns":7},{"damage":35,"enemies":"Slavers","floor":24,"turns":8},{"damage":1,"enemies":"Centurion and Healer","floor":25,"turns":9},{"damage":1,"enemies":"Book of Stabbing","floor":27,"turns":4},{"damage":0,"enemies":"Cultist and Chosen","floor":29,"turns":3},{"damage":0,"enemies":"Shelled Parasite and Fungi","floor":31,"turns":4},{"damage":0,"enemies":"Champ","floor":33,"turns":8},{"damage":0,"enemies":"Orb Walker","floor":35,"turns":2},{"damage":0,"enemies":"3 Darklings","floor":37,"turns":2},{"damage":6,"enemies":"Spire Growth","floor":38,"turns":5},{"damage":0,"enemies":"Giant Head","floor":41,"turns":2},{"damage":0,"enemies":"Reptomancer","floor":44,"turns":3},{"damage":0,"enemies":"Jaw Worm Horde","floor":47,"turns":2},{"damage":0,"enemies":"Nemesis","floor":48,"turns":5},{"damage":46,"enemies":"Time Eater","floor":50,"turns":12},{"damage":17,"enemies":"Awakened One","floor":51,"turns":7},{"damage":51,"enemies":"Shield and Spear","floor":55,"turns":8},{"damage":53,"enemies":"The Heart","floor":56,"turns":3}],"seed_played":"-4928087877911824677","potions_obtained":[{"floor":1,"key":"Explosive Potion"},{"floor":3,"key":"CultistPotion"},{"floor":14,"key":"Ancient Potion"},{"floor":16,"key":"Explosive Potion"},{"floor":18,"key":"BlessingOfTheForge"},{"floor":22,"key":"SkillPotion"},{"floor":24,"key":"CultistPotion"},{"floor":25,"key":"EntropicBrew"},{"floor":33,"key":"Fruit Juice"}],"is_trial":false,"path_per_floor":["M","M","M","T","?","R","E","M","T","E","M","R","M","M","R","B",null,"M","?","M","$","?","R","E","M","T","E","R","M","R","M","R","B",null,"M","$","M","M","?","R","E","R","T","E","R","$","M","E","R","B","B",null,"R","$","E","B"],"character_chosen":"THE_SILENT","items_purchased":["PiercingWail","White Beast Statue","Gambling Chip","Blur","Acrobatics"],"campfire_rested":2,"item_purchase_floors":[21,21,36,46,54],"current_hp_per_floor":[52,52,50,50,43,43,26,26,26,26,26,60,60,60,60,23,55,53,53,38,38,38,66,31,30,30,29,29,29,29,29,29,54,68,68,68,68,62,62,62,62,62,62,62,62,71,71,71,71,25,33,62,62,71,20,0],"gold":68,"neow_bonus":"ONE_RARE_RELIC","is_prod":false,"is_daily":false,"chose_seed":false,"campfire_upgraded":9,"win_rate":0,"timestamp":1620579997,"path_taken":["M","M","?","?","?","R","E","M","T","E","M","R","M","M","R","BOSS","M","?","M","$","?","R","E","?","T","E","R","M","R","M","R","BOSS","M","$","M","M","?","R","E","R","T","E","R","$","?","E","R","BOSS","BOSS","R","$","E","BOSS"],"build_version":"2020-12-18","purchased_purges":1,"victory":false,"max_hp_per_floor":[66,66,66,66,66,66,66,66,66,66,66,66,66,66,66,66,66,66,66,66,66,66,66,66,66,66,66,66,66,66,66,66,66,71,71,71,71,71,71,71,71,71,71,71,71,71,71,71,71,71,71,71,71,71,71,71],"relic_stats":{"Regal Pillow":24,"counters":[29,151],"Dead Branch":[377],"CeramicFish":153,"Sozu":10,"Tough Bandages":[45],"Shuriken":[42],"Mummified Hand":[55],"Pantograph":75,"Gambling Chip":[60],"Snecko Eye":[249,243,240,241],"MealTicket":18,"obtain_stats":[{"Regal Pillow":10,"Dead Branch":0,"CeramicFish":7,"Thread and Needle":24,"White Beast Statue":21,"Sozu":34,"Anchor":4,"Tough Bandages":55,"Shuriken":41,"Mummified Hand":43,"Pantograph":27,"Gambling Chip":36,"Snecko Eye":17,"MealTicket":44,"Bag of Marbles":26,"Ring of the Snake":0},{"Regal Pillow":6,"Dead Branch":0,"CeramicFish":4,"Thread and Needle":13,"White Beast Statue":12,"Sozu":18,"Anchor":3,"Tough Bandages":28,"Shuriken":22,"Mummified Hand":22,"Pantograph":15,"Gambling Chip":19,"Snecko Eye":10,"MealTicket":23,"Bag of Marbles":14,"Ring of the Snake":0},{"Regal Pillow":30,"Dead Branch":0,"CeramicFish":18,"Thread and Needle":72,"White Beast Statue":64,"Sozu":100,"Anchor":14,"Tough Bandages":148,"Shuriken":111,"Mummified Hand":111,"Pantograph":85,"Gambling Chip":102,"Snecko Eye":53,"MealTicket":114,"Bag of Marbles":81,"Ring of the Snake":0}],"Ring of the Snake":[58]},"card_choices":[{"not_picked":["Dagger Spray","Accuracy"],"picked":"Quick Slash","floor":1},{"not_picked":["Backflip","Slice"],"picked":"Cloak And Dagger","floor":2},{"not_picked":["Escape Plan","Deadly Poison"],"picked":"Caltrops","floor":3},{"not_picked":["Caltrops","Infinite Blades"],"picked":"Cloak And Dagger","floor":7},{"not_picked":["Bane","Dodge and Roll","Dagger Spray"],"picked":"SKIP","floor":8},{"not_picked":["Finisher","Poisoned Stab","Prepared"],"picked":"SKIP","floor":10},{"not_picked":["Dodge and Roll","Deadly Poison","Sucker Punch"],"picked":"SKIP","floor":11},{"not_picked":["All Out Attack","Dagger Throw","Flying Knee"],"picked":"SKIP","floor":13},{"not_picked":["Skewer","Acrobatics"],"picked":"Phantasmal Killer","floor":14},{"not_picked":["Night Terror","Corpse Explosion"],"picked":"After Image","floor":16},{"not_picked":["Backflip","All Out Attack"],"picked":"Calculated Gamble","floor":18},{"not_picked":["Flying Knee","Backflip"],"picked":"Blade Dance","floor":20},{"not_picked":["Bane","Blur"],"picked":"Flying Knee+1","floor":24},{"not_picked":["Phantasmal Killer","Endless Agony","Noxious Fumes"],"picked":"SKIP","floor":25},{"not_picked":["Dodge and Roll","Deadly Poison"],"picked":"Backflip","floor":27},{"not_picked":["Distraction","Outmaneuver"],"picked":"PiercingWail","floor":29},{"not_picked":["Heel Hook+1","Deflect"],"picked":"Predator","floor":31},{"not_picked":["After Image","Venomology"],"picked":"A Thousand Cuts","floor":33},{"not_picked":["Deflect+1","Quick Slash","Noxious Fumes+1"],"picked":"SKIP","floor":35},{"not_picked":["Prepared","Outmaneuver"],"picked":"Predator","floor":37},{"not_picked":["Backstab+1","Eviscerate","Finisher"],"picked":"SKIP","floor":38},{"not_picked":["Prepared","Venomology"],"picked":"Calculated Gamble","floor":41},{"not_picked":["Deflect","Slice","Skewer"],"picked":"SKIP","floor":44},{"not_picked":["Infinite Blades+1","Setup"],"picked":"Terror","floor":47},{"not_picked":["Dagger Throw","Acrobatics"],"picked":"Backflip+1","floor":48},{"not_picked":["Riddle With Holes","Underhanded Strike","Deflect"],"picked":"SKIP","floor":55}],"player_experience":3643659,"relics_obtained":[{"floor":4,"key":"Anchor"},{"floor":7,"key":"CeramicFish"},{"floor":10,"key":"Regal Pillow"},{"floor":24,"key":"Thread and Needle"},{"floor":26,"key":"Bag of Marbles"},{"floor":27,"key":"Pantograph"},{"floor":41,"key":"Shuriken"},{"floor":43,"key":"Mummified Hand"},{"floor":44,"key":"MealTicket"},{"floor":55,"key":"Tough Bandages"}],"event_choices":[{"cards_removed":["Strike_G"],"damage_healed":0,"gold_gain":0,"player_choice":"Card Removal","damage_taken":7,"max_hp_gain":0,"max_hp_loss":0,"event_name":"Golden Wing","floor":5,"gold_loss":0},{"damage_healed":0,"gold_gain":0,"player_choice":"Simplicity","damage_taken":0,"max_hp_gain":0,"max_hp_loss":0,"event_name":"Back to Basics","floor":19,"gold_loss":0,"cards_upgraded":["Strike_G","Strike_G","Strike_G","Strike_G","Defend_G","Defend_G","Defend_G","Defend_G","Defend_G"]},{"damage_healed":0,"gold_gain":0,"player_choice":"Bought 1 Potion","damage_taken":0,"max_hp_gain":0,"max_hp_loss":0,"event_name":"The Woman in Blue","floor":22,"gold_loss":0},{"damage_healed":0,"gold_gain":0,"player_choice":"Got Potions","damage_taken":0,"max_hp_gain":0,"max_hp_loss":0,"event_name":"Lab","floor":39,"gold_loss":0}],"is_beta":true,"boss_relics":[{"not_picked":["Ring of the Serpent","Philosopher\u0027s Stone"],"picked":"Snecko Eye"},{"not_picked":["Velvet Choker","Astrolabe"],"picked":"Sozu"}],"items_purged_floors":[46],"is_endless":false,"potions_floor_spawned":[1,3,14,16,18,24,25,27,29,31,33,35,37,38,41,44,47,48,55],"killed_by":"The Heart","ascension_level":20}