{"gold_per_floor":[367,382,3,153,169,169,200,200,200,231,231,25,25,39,39,115,115,134,134,146,146,146,146],"floor_reached":23,"playtime":1262,"items_purged":["Strike_G"],"score":394,"play_id":"969078d9-05c2-4cf7-8b1f-84b7680750c2","local_time":"20210510144251","is_ascension_mode":true,"campfire_choices":[{"data":"Quick Slash","floor":6,"key":"SMITH"},{"data":"Predator","floor":8,"key":"SMITH"},{"floor":13,"key":"REST"},{"data":"Bouncing Flask","floor":15,"key":"SMITH"}],"neow_cost":"TEN_PERCENT_HP_LOSS","seed_source_timestamp":969030414557300,"circlet_count":0,"master_deck":["AscendersBane","Strike_G+1","Strike_G+1","Strike_G+1","Strike_G+1","Defend_G+1","Defend_G+1","Defend_G+1","Defend_G+1","Defend_G+1","Survivor","Neutralize","Masterful Stab","Footwork","Quick Slash+1","Predator+1","Well Laid Plans","Bouncing Flask+1","Venomology","After Image","Reflex+1","Acrobatics","Decay"],"relics":["Ring of the Snake","Omamori","Bag of Marbles","Ninja Scroll","Torii","Calling Bell","Strawberry","Gremlin Horn","Tingsha"],"potions_floor_usage":[7,7,16,18,18,23,23],"damage_taken":[{"damage":0,"enemies":"Jaw Worm","floor":1,"turns":5},{"damage":0,"enemies":"2 Louse","floor":2,"turns":4},{"damage":0,"enemies":"Small Slimes","floor":5,"turns":2},{"damage":21,"enemies":"3 Sentries","floor":7,"turns":15},{"damage":33,"enemies":"Lagavulin","floor":10,"turns":7},{"damage":0,"enemies":"Blue Slaver","floor":14,"turns":1},{"damage":8,"enemies":"Hexaghost","floor":16,"turns":9},{"damage":19,"enemies":"2 Thieves","floor":18,"turns":3},{"damage":11,"enemies":"Shell Parasite","floor":20,"turns":5},{"damage":41,"enemies":"Book of Stabbing","floor":23,"turns":5}],"seed_played":"-8221624094731628720","potions_obtained":[{"floor":1,"key":"Strength Potion"},{"floor":10,"key":"Ancient Potion"},{"floor":14,"key":"LiquidBronze"},{"floor":18,"key":"Explosive Potion"}],"is_trial":false,"path_per_floor":["M","M","$","?","M","R","E","R","T","E","?","$","R","M","R","B",null,"M","?","M","?","?","E"],"character_chosen":"THE_SILENT","items_purchased":["Omamori","SteroidPotion","Bag of Marbles","Bouncing Flask","Poison Potion"],"campfire_rested":1,"item_purchase_floors":[3,3,3,12,12],"current_hp_per_floor":[59,59,59,59,59,59,38,38,38,5,5,5,23,23,23,15,56,37,37,26,39,39,0],"gold":146,"neow_bonus":"TWO_FIFTY_GOLD","is_prod":false,"is_daily":false,"chose_seed":false,"campfire_upgraded":3,"win_rate":0,"timestamp":1620682971,"path_taken":["M","M","$","?","M","R","E","R","T","E","?","$","R","M","R","BOSS","M","?","M","?","?","E"],"build_version":"2020-12-18","purchased_purges":1,"victory":false,"max_hp_per_floor":[60,60,60,60,60,60,60,60,60,60,60,60,60,60,60,60,67,67,67,67,67,67,67],"relic_stats":{"Torii":18,"Gremlin Horn":[1,1],"counters":[10,56],"Tingsha":[6],"obtain_stats":[{"Calling Bell":17,"Torii":10,"Gremlin Horn":17,"Ninja Scroll":7,"Strawberry":17,"Tingsha":17,"Omamori":3,"Bag of Marbles":3,"Ring of the Snake":0},{"Calling Bell":7,"Torii":5,"Gremlin Horn":7,"Ninja Scroll":4,"Strawberry":7,"Tingsha":7,"Omamori":2,"Bag of Marbles":2,"Ring of the Snake":0},{"Calling Bell":43,"Torii":33,"Gremlin Horn":43,"Ninja Scroll":26,"Strawberry":43,"Tingsha":43,"Omamori":9,"Bag of Marbles":9,"Ring of the Snake":0}],"Ring of the Snake":[20]},"card_choices":[{"not_picked":["Acrobatics","Setup"],"picked":"Masterful Stab","floor":1},{"not_picked":["Reflex","Backstab"],"picked":"Footwork","floor":2},{"not_picked":["Deflect","Accuracy"],"picked":"Quick Slash","floor":5},{"not_picked":["Sucker Punch","Poisoned Stab"],"picked":"Predator","floor":7},{"not_picked":["Blade Dance","Deadly Poison"],"picked":"Well Laid Plans","floor":10},{"not_picked":["Acrobatics","Deadly Poison"],"picked":"Venomology","floor":14},{"not_picked":["Night Terror","Storm of Steel"],"picked":"After Image","floor":16},{"not_picked":["Deadly Poison","Infinite Blades"],"picked":"Reflex+1","floor":18},{"not_picked":["Dagger Spray","Poisoned Stab"],"picked":"Acrobatics","floor":20}],"player_experience":3657604,"relics_obtained":[{"floor":7,"key":"Ninja Scroll"},{"floor":10,"key":"Torii"},{"floor":17,"key":"Strawberry"},{"floor":17,"key":"Gremlin Horn"},{"floor":17,"key":"Tingsha"}],"event_choices":[{"damage_healed":0,"gold_gain":150,"player_choice":"AGREE","damage_taken":0,"max_hp_gain":0,"max_hp_loss":0,"event_name":"Liars Game","floor":4,"gold_loss":0,"cards_obtained":["Doubt"]},{"damage_healed":0,"gold_gain":0,"player_choice":"Searched \u00270\u0027 times","damage_taken":0,"max_hp_gain":0,"max_hp_loss":0,"event_name":"Dead Adventurer","floor":11,"gold_loss":0},{"damage_healed":0,"gold_gain":0,"player_choice":"Simplicity","damage_taken":0,"max_hp_gain":0,"max_hp_loss":0,"event_name":"Back to Basics","floor":19,"gold_loss":0,"cards_upgraded":["Strike_G","Strike_G","Strike_G","Strike_G","Defend_G","Defend_G","Defend_G","Defend_G","Defend_G"]},{"damage_healed":13,"gold_gain":0,"player_choice":"Heal","damage_taken":0,"max_hp_gain":0,"max_hp_loss":0,"event_name":"The Library","floor":21,"gold_loss":0},{"damage_healed":0,"gold_gain":0,"player_choice":"Smashed Altar","damage_taken":0,"max_hp_gain":0,"max_hp_loss":0,"event_name":"Forgotten Altar","floor":22,"gold_loss":0,"cards_obtained":["Decay"]}],"is_beta":true,"boss_relics":[{"not_picked":["Black Star","Pandora\u0027s Box"],"picked":"Calling Bell"}],"items_purged_floors":[12],"is_endless":false,"potions_floor_spawned":[1,10,14,18],"killed_by":"Book of Stabbing","ascension_level":20}