{"gold_per_floor":[109,124,124,142,142,142,175,175,198,217,258,258,274,313,313,403,403,422,446,200,221,61,61],"floor_reached":23,"playtime":1901,"items_purged":["Strike_G"],"score":422,"play_id":"e4076971-ae99-4076-a990-fc08d7eed2b9","local_time":"20210506212329","is_ascension_mode":true,"campfire_choices":[{"data":"Dagger Throw","floor":6,"key":"SMITH"},{"data":"Eviscerate","floor":8,"key":"SMITH"},{"data":"Footwork","floor":15,"key":"SMITH"}],"neow_cost":"TEN_PERCENT_HP_LOSS","seed_source_timestamp":646831146696400,"circlet_count":0,"master_deck":["AscendersBane","Strike_G","Strike_G","Strike_G","Defend_G","Defend_G","Defend_G","Defend_G","Defend_G","Survivor","Neutralize","Grand Finale","Dagger Throw+1","Acrobatics","Dagger Throw+1","Eviscerate+1","Calculated Gamble","Underhanded Strike","Footwork+1","Grand Finale","PiercingWail","Malaise","Prepared","PiercingWail","Calculated Gamble"],"relics":["Ring of the Snake","Golden Idol","Strawberry","Omamori","Anchor","Boot","Runic Pyramid","Orrery"],"potions_floor_usage":[7,7,11,21,23],"damage_taken":[{"damage":2,"enemies":"2 Louse","floor":1,"turns":4},{"damage":1,"enemies":"Cultist","floor":2,"turns":4},{"damage":2,"enemies":"Jaw Worm","floor":4,"turns":5},{"damage":14,"enemies":"Lagavulin","floor":7,"turns":5},{"damage":4,"enemies":"Exordium Thugs","floor":10,"turns":4},{"damage":11,"enemies":"Gremlin Nob","floor":11,"turns":3},{"damage":0,"enemies":"Blue Slaver","floor":13,"turns":2},{"damage":5,"enemies":"3 Sentries","floor":14,"turns":5},{"damage":19,"enemies":"The Guardian","floor":16,"turns":15},{"damage":1,"enemies":"Spheric Guardian","floor":18,"turns":3},{"damage":0,"enemies":"3 Byrds","floor":19,"turns":5},{"damage":0,"enemies":"Shelled Parasite and Fungi","floor":21,"turns":4},{"damage":53,"enemies":"Slavers","floor":23,"turns":8}],"seed_played":"-6452401433347376280","potions_obtained":[{"floor":1,"key":"AttackPotion"},{"floor":4,"key":"SteroidPotion"},{"floor":7,"key":"Explosive Potion"},{"floor":11,"key":"EssenceOfSteel"},{"floor":13,"key":"Fire Potion"},{"floor":18,"key":"DuplicationPotion"}],"is_trial":false,"path_per_floor":["M","M","?","M","?","R","E","R","T","M","E","?","M","E","R","B",null,"M","M","$","M","$","E"],"character_chosen":"THE_SILENT","items_purchased":["Malaise","Orrery"],"campfire_rested":0,"item_purchase_floors":[20,22],"current_hp_per_floor":[57,56,54,52,52,52,45,45,45,41,30,30,30,25,25,6,47,46,46,46,46,46,0],"gold":61,"neow_bonus":"THREE_RARE_CARDS","is_prod":false,"is_daily":false,"chose_seed":false,"campfire_upgraded":3,"win_rate":0,"timestamp":1620361409,"path_taken":["M","M","?","M","?","R","E","R","T","M","E","?","M","E","R","BOSS","M","?","$","M","?","E"],"build_version":"2020-12-18","purchased_purges":1,"victory":false,"max_hp_per_floor":[60,60,54,54,54,54,61,61,61,61,61,61,61,61,61,61,61,61,61,61,61,61,61],"relic_stats":{"counters":[13,67],"Golden Idol":65,"Boot":[38],"obtain_stats":[{"Anchor":11,"Golden Idol":3,"Strawberry":7,"Orrery":22,"Omamori":9,"Boot":14,"Ring of the Snake":0,"Runic Pyramid":17},{"Anchor":6,"Golden Idol":2,"Strawberry":4,"Orrery":12,"Omamori":4,"Boot":8,"Ring of the Snake":0,"Runic Pyramid":9},{"Anchor":25,"Golden Idol":8,"Strawberry":18,"Orrery":59,"Omamori":18,"Boot":32,"Ring of the Snake":0,"Runic Pyramid":47}],"Ring of the Snake":[26]},"card_choices":[{"not_picked":["Envenom","Bullet Time"],"picked":"Grand Finale","floor":0},{"not_picked":["Masterful Stab","Blur"],"picked":"Dagger Throw","floor":1},{"not_picked":["Caltrops","Backflip"],"picked":"Acrobatics","floor":2},{"not_picked":["Blade Dance","Poisoned Stab"],"picked":"Dagger Throw","floor":4},{"not_picked":["Escape Plan","Deadly Poison"],"picked":"Eviscerate","floor":7},{"not_picked":["Terror","Cloak And Dagger","A Thousand Cuts"],"picked":"SKIP","floor":10},{"not_picked":["Dodge and Roll","Escape Plan"],"picked":"Calculated Gamble","floor":11},{"not_picked":["Flying Knee","Sucker Punch"],"picked":"Underhanded Strike","floor":13},{"not_picked":["Infinite Blades","Acrobatics"],"picked":"Footwork","floor":14},{"not_picked":["Unload","Envenom"],"picked":"Grand Finale","floor":16},{"not_picked":["Slice","Blur"],"picked":"PiercingWail","floor":18},{"not_picked":["Masterful Stab","Bane+1","Blade Dance"],"picked":"SKIP","floor":19},{"not_picked":["Poisoned Stab","Blur"],"picked":"Prepared","floor":21},{"not_picked":["Dagger Spray","Underhanded Strike"],"picked":"PiercingWail","floor":22},{"not_picked":["Deadly Poison","Dodge and Roll"],"picked":"Calculated Gamble","floor":22}],"player_experience":3619881,"relics_obtained":[{"floor":7,"key":"Strawberry"},{"floor":9,"key":"Omamori"},{"floor":11,"key":"Anchor"},{"floor":14,"key":"Boot"}],"event_choices":[{"damage_healed":0,"gold_gain":0,"player_choice":"Lose Max HP","damage_taken":0,"relics_obtained":["Golden Idol"],"max_hp_gain":0,"max_hp_loss":6,"event_name":"Golden Idol","floor":3,"gold_loss":0},{"damage_healed":0,"gold_gain":0,"player_choice":"Grow","damage_taken":0,"max_hp_gain":0,"max_hp_loss":0,"event_name":"Living Wall","floor":5,"gold_loss":0,"cards_upgraded":["Dagger Throw"]},{"cards_removed":["Strike_G"],"damage_healed":0,"gold_gain":0,"player_choice":"Purged","damage_taken":0,"max_hp_gain":0,"max_hp_loss":0,"event_name":"Purifier","floor":12,"gold_loss":0}],"is_beta":true,"boss_relics":[{"not_picked":["Astrolabe","Ring of the Serpent"],"picked":"Runic Pyramid"}],"items_purged_floors":[20],"is_endless":false,"potions_floor_spawned":[1,4,7,11,13,18,19],"killed_by":"Slavers","ascension_level":20}