{"gold_per_floor":[210,48,66,141,141,141,15,43,66,81,81,99,124,135,135,135],"floor_reached":16,"playtime":745,"items_purged":[],"score":220,"play_id":"4104b4e0-bf02-4636-9ff1-23d48b7cf3e8","local_time":"20210517132809","is_ascension_mode":true,"campfire_choices":[{"data":"ReachHeaven","floor":6,"key":"SMITH"},{"data":"Dash","floor":11,"key":"SMITH"},{"data":"Feel No Pain","floor":15,"key":"SMITH"}],"neow_cost":"NONE","seed_source_timestamp":1569862385774200,"circlet_count":0,"master_deck":["AscendersBane","Strike_G","Strike_G","Strike_G","Strike_G","Strike_G","Defend_G","Defend_G","Defend_G","Defend_G","Defend_G","Survivor","Neutralize","Backflip","ReachHeaven+1","Dash+1","Footwork","Headbutt","Noxious Fumes","Feel No Pain+1"],"relics":["Ring of the Snake","PrismaticShard","MealTicket","Unceasing Top","Omamori","WingedGreaves"],"potions_floor_usage":[12,13,16],"damage_taken":[{"damage":0,"enemies":"Cultist","floor":1,"turns":4},{"damage":1,"enemies":"Small Slimes","floor":3,"turns":4},{"damage":18,"enemies":"Lagavulin","floor":8,"turns":8},{"damage":0,"enemies":"2 Louse","floor":10,"turns":2},{"damage":10,"enemies":"Gremlin Gang","floor":12,"turns":7},{"damage":6,"enemies":"Gremlin Nob","floor":13,"turns":3},{"damage":0,"enemies":"Blue Slaver","floor":14,"turns":5},{"damage":23,"enemies":"The Guardian","floor":16,"turns":4}],"seed_played":"5147575722948951921","potions_obtained":[{"floor":10,"key":"SteroidPotion"},{"floor":12,"key":"LiquidMemories"},{"floor":14,"key":"Poison Potion"}],"is_trial":false,"path_per_floor":["M","$","M","?","?","R","$","E","T","M","R","M","E","M","R","B"],"character_chosen":"THE_SILENT","items_purchased":["PrismaticShard","Dash","Footwork"],"campfire_rested":0,"item_purchase_floors":[2,7,7],"current_hp_per_floor":[59,59,58,47,42,42,57,39,39,39,39,29,23,23,23,0],"gold":135,"neow_bonus":"HUNDRED_GOLD","is_prod":false,"is_daily":false,"chose_seed":false,"campfire_upgraded":3,"win_rate":0,"timestamp":1621283289,"path_taken":["M","?","M","?","?","R","$","E","T","M","R","M","E","M","R","BOSS"],"build_version":"2020-12-18","purchased_purges":0,"victory":false,"max_hp_per_floor":[66,66,66,66,66,66,66,66,66,66,66,66,66,66,66,66],"relic_stats":{"counters":[8,37],"MealTicket":15,"obtain_stats":[{"MealTicket":5,"WingedGreaves":13,"Omamori":9,"PrismaticShard":2,"Unceasing Top":8,"Ring of the Snake":0},{"MealTicket":2,"WingedGreaves":6,"Omamori":3,"PrismaticShard":1,"Unceasing Top":3,"Ring of the Snake":0},{"MealTicket":8,"WingedGreaves":28,"Omamori":16,"PrismaticShard":4,"Unceasing Top":16,"Ring of the Snake":0}],"Unceasing Top":[1],"Ring of the Snake":[16]},"card_choices":[{"not_picked":["Deflect","Expertise"],"picked":"Backflip","floor":1},{"not_picked":["SashWhip","Cleave"],"picked":"ReachHeaven","floor":3},{"not_picked":["Rainbow","Endless Agony"],"picked":"Headbutt","floor":8},{"not_picked":["Masterful Stab","Evaluate","Clothesline"],"picked":"SKIP","floor":10},{"not_picked":["Consume","Warcry"],"picked":"Noxious Fumes","floor":12},{"not_picked":["Infernal Blade","Carnage"],"picked":"Feel No Pain","floor":13},{"not_picked":["Prepared","Dagger Throw","Searing Blow"],"picked":"SKIP","floor":14}],"player_experience":3683813,"relics_obtained":[{"floor":8,"key":"Unceasing Top"},{"floor":9,"key":"Omamori"},{"floor":13,"key":"WingedGreaves"}],"event_choices":[{"damage_healed":0,"gold_gain":75,"player_choice":"Gather Gold","damage_taken":11,"max_hp_gain":0,"max_hp_loss":0,"event_name":"World of Goop","floor":4,"gold_loss":0},{"damage_healed":0,"gold_gain":0,"player_choice":"Success","damage_taken":5,"relics_obtained":["MealTicket"],"max_hp_gain":0,"max_hp_loss":0,"event_name":"Scrap Ooze","floor":5,"gold_loss":0}],"is_beta":true,"boss_relics":[],"items_purged_floors":[],"is_endless":false,"potions_floor_spawned":[10,12,14],"killed_by":"The Guardian","ascension_level":20}