{"gold_per_floor":[113,129,2,2,13,33,64,83,83,32,44,59,59,74,74,172,172,186,236,236,254,274,305,305,24,93,103,103,118,118],"floor_reached":30,"playtime":3701,"items_purged":["Normality","Defend_R"],"score":306,"play_id":"35c99211-b7ac-416b-89fa-8d1273a9e9b1","local_time":"20180706233941","is_ascension_mode":false,"campfire_choices":[{"data":"Feed","floor":13,"key":"SMITH"},{"floor":15,"key":"REST"},{"floor":24,"key":"REST"}],"neow_cost":"CURSE","seed_source_timestamp":2005173210723441,"circlet_count":0,"master_deck":["Strike_R","Strike_R","Strike_R","Strike_R","Strike_R","Defend_R","Defend_R","Defend_R","Bash","Feed+1","Sword Boomerang","Clothesline","Shrug It Off","Spot Weakness","Headbutt","Sentinel","Feel No Pain","Shrug It Off","Evolve","Armaments","Second Wind","Dark Embrace","Burning Pact","Warcry","Warcry","Battle Trance","True Grit"],"relics":["Burning Blood","Ornamental Fan","Pantograph","Kunai","Fusion Hammer","Blood Vial","Membership Card","Dodecahedron"],"potions_floor_usage":[7,11,16,23,29,30,30,30],"damage_taken":[{"damage":11,"enemies":"Jaw Worm","floor":1,"turns":5},{"damage":0,"enemies":"Small Slimes","floor":2,"turns":3},{"damage":0,"enemies":"Cultist","floor":5,"turns":3},{"damage":20,"enemies":"Large Slime","floor":6,"turns":8},{"damage":15,"enemies":"3 Sentries","floor":7,"turns":5},{"damage":4,"enemies":"Red Slaver","floor":8,"turns":4},{"damage":1,"enemies":"3 Louse","floor":11,"turns":3},{"damage":4,"enemies":"Blue Slaver","floor":12,"turns":5},{"damage":8,"enemies":"Exordium Wildlife","floor":14,"turns":4},{"damage":87,"enemies":"The Guardian","floor":16,"turns":12},{"damage":26,"enemies":"Spheric Guardian","floor":18,"turns":7},{"damage":28,"enemies":"3 Byrds","floor":21,"turns":9},{"damage":17,"enemies":"Snecko","floor":22,"turns":7},{"damage":48,"enemies":"Book of Stabbing","floor":23,"turns":7},{"damage":2,"enemies":"Chosen and Byrds","floor":27,"turns":6},{"damage":26,"enemies":"Sentry and Sphere","floor":29,"turns":8},{"damage":61,"enemies":"Gremlin Leader","floor":30,"turns":8}],"seed_played":"-9074202137392875686","potions_obtained":[{"floor":2,"key":"SteroidPotion"},{"floor":5,"key":"EssenceOfSteel"},{"floor":14,"key":"Block Potion"},{"floor":16,"key":"FearPotion"},{"floor":20,"key":"Strength Potion"},{"floor":20,"key":"LiquidBronze"},{"floor":23,"key":"Fire Potion"},{"floor":29,"key":"Fire Potion"}],"is_trial":false,"path_per_floor":["M","M","$","?","M","M","E","M","T","$","M","M","R","M","R","B",null,"M","?","?","M","M","E","R","$","T","M","?","M"],"character_chosen":"IRONCLAD","items_purchased":["Shrug It Off","Shrug It Off","Membership Card"],"campfire_rested":2,"item_purchase_floors":[3,10,25],"current_hp_per_floor":[78,86,86,61,70,59,53,55,55,55,63,68,68,70,101,28,109,93,93,93,75,64,26,62,62,62,72,72,58,0],"gold":118,"neow_bonus":"THREE_RARE_CARDS","is_prod":false,"is_daily":false,"chose_seed":false,"campfire_upgraded":1,"win_rate":0,"timestamp":1530916781,"path_taken":["M","M","$","?","M","M","E","M","T","$","?","M","R","M","R","BOSS","M","?","?","?","M","E","R","$","T","M","?","M","E"],"build_version":"2018-07-05","purchased_purges":2,"victory":false,"max_hp_per_floor":[83,86,86,86,89,92,95,95,95,95,98,101,101,105,105,109,109,113,113,113,117,117,121,121,121,121,125,125,129,129],"card_choices":[{"not_picked":["Exhume","Juggernaut"],"picked":"Feed","floor":0},{"not_picked":["Seeing Red","Clash"],"picked":"Sword Boomerang","floor":1},{"not_picked":["Thunderclap","Cleave"],"picked":"Clothesline","floor":2},{"not_picked":["Anger","Body Slam"],"picked":"Spot Weakness","floor":5},{"not_picked":["Corruption","Thunderclap"],"picked":"Headbutt","floor":6},{"not_picked":["Second Wind","Reaper"],"picked":"Sentinel","floor":7},{"not_picked":["Battle Trance","Thunderclap"],"picked":"Feel No Pain","floor":8},{"not_picked":["Sword Boomerang","Pommel Strike"],"picked":"Evolve","floor":11},{"not_picked":["Entrench","Clash"],"picked":"Armaments","floor":12},{"not_picked":["Clothesline","Inflame"],"picked":"Second Wind","floor":14},{"not_picked":["Reaper","Exhume"],"picked":"Dark Embrace","floor":16},{"not_picked":["Heavy Blade+1","Sentinel"],"picked":"Burning Pact","floor":18},{"not_picked":["Heavy Blade","Clash"],"picked":"Warcry","floor":21},{"not_picked":["Flex","Inflame"],"picked":"Warcry","floor":22},{"not_picked":["Pommel Strike+1","Iron Wave"],"picked":"Battle Trance","floor":23},{"not_picked":["Spot Weakness","Infernal Blade+1"],"picked":"True Grit","floor":27},{"not_picked":["Perfected Strike","Sever Soul","Sword Boomerang"],"picked":"SKIP","floor":29}],"player_experience":145657,"relics_obtained":[{"floor":7,"key":"Pantograph"},{"floor":9,"key":"Kunai"},{"floor":23,"key":"Blood Vial"},{"floor":26,"key":"Dodecahedron"}],"event_choices":[{"event_name":"Scrap Ooze","player_choice":"success","floor":4,"damage_taken":25},{"event_name":"The Joust","player_choice":"Bet on Murderer","floor":19,"damage_taken":0},{"event_name":"The Lab","player_choice":"Got Potions","floor":20,"damage_taken":0},{"event_name":"The Woman in Blue","player_choice":"Bought 0 Potions","floor":28,"damage_taken":0}],"boss_relics":[{"not_picked":["Runic Dome","Lizard Tail"],"picked":"Fusion Hammer"}],"items_purged_floors":[3,25],"is_endless":false,"potions_floor_spawned":[2,5,14,16,23,29],"killed_by":"Gremlin Leader","ascension_level":0}