{"gold_per_floor":[109,184,203,217,392,421,421,421,421,421,447,447,480,495,495,594,594,612,585,508,354,365,421,421,421],"floor_reached":25,"playtime":2561,"items_purged":["Doubt"],"score":251,"play_id":"9877c373-4b98-41fb-b658-f2bade2aa6aa","local_time":"20180710222355","is_ascension_mode":true,"campfire_choices":[{"floor":8,"key":"REST"},{"data":"Uppercut","floor":10,"key":"SMITH"},{"data":"Inflame","floor":12,"key":"SMITH"},{"data":"True Grit","floor":15,"key":"SMITH"},{"data":"Barricade","floor":24,"key":"SMITH"}],"neow_cost":"TEN_PERCENT_HP_LOSS","seed_source_timestamp":2347371281206367,"circlet_count":0,"master_deck":["Strike_R","Strike_R","Strike_R","Strike_R","Strike_R","Defend_R","Defend_R","Defend_R","Defend_R","Bash","True Grit+1","Pommel Strike","Uppercut+1","Ghostly Armor","Inflame+1","Shrug It Off","Power Through","Limit Break","Metallicize","True Grit+1","J.A.X.","Evolve","Double Tap","Barricade+1"],"relics":["Burning Blood","Ice Cream","Paper Frog","Letter Opener","Ancient Tea Set","Dodecahedron","Black Star","Tiny Chest","Oddly Smooth Stone"],"potions_floor_usage":[16,16,18,23,23],"damage_taken":[{"damage":4,"enemies":"Small Slimes","floor":1,"turns":5},{"damage":1,"enemies":"Cultist","floor":3,"turns":4},{"damage":8,"enemies":"Jaw Worm","floor":4,"turns":5},{"damage":42,"enemies":"Lagavulin","floor":6,"turns":7},{"damage":16,"enemies":"3 Sentries","floor":11,"turns":10},{"damage":4,"enemies":"Gremlin Nob","floor":13,"turns":3},{"damage":2,"enemies":"Blue Slaver","floor":14,"turns":4},{"damage":18,"enemies":"Hexaghost","floor":16,"turns":8},{"damage":0,"enemies":"3 Byrds","floor":18,"turns":5},{"damage":7,"enemies":"2 Thieves","floor":19,"turns":5},{"damage":3,"enemies":"Snecko","floor":22,"turns":6},{"damage":20,"enemies":"Book of Stabbing","floor":23,"turns":8},{"damage":74,"enemies":"Slavers","floor":25,"turns":4}],"seed_played":"6692354687898498030","potions_obtained":[{"floor":6,"key":"Weak Potion"},{"floor":7,"key":"EssenceOfSteel"},{"floor":7,"key":"LiquidBronze"},{"floor":11,"key":"EssenceOfSteel"},{"floor":16,"key":"Fire Potion"},{"floor":19,"key":"Block Potion"},{"floor":23,"key":"Explosive Potion"}],"is_trial":false,"path_per_floor":["M","?","M","M","?","E","?","R","T","R","E","R","E","M","R","B",null,"M","M","?","$","M","E","R"],"character_chosen":"IRONCLAD","items_purchased":["Evolve"],"campfire_rested":1,"item_purchase_floors":[21],"current_hp_per_floor":[72,61,66,64,64,28,28,49,49,49,39,39,41,45,45,33,72,72,71,71,71,72,58,58,0],"gold":421,"neow_bonus":"ONE_RARE_RELIC","is_prod":false,"is_daily":false,"chose_seed":false,"campfire_upgraded":4,"win_rate":0,"timestamp":1531257835,"path_taken":["M","?","M","M","?","E","?","R","T","R","E","R","E","M","R","BOSS","M","M","?","$","M","E","R","E"],"build_version":"2018-07-05","purchased_purges":1,"victory":false,"max_hp_per_floor":[72,72,72,72,72,72,72,72,72,72,72,72,72,72,72,72,72,72,72,72,72,72,72,72,72],"card_choices":[{"not_picked":["Thunderclap","Wild Strike"],"picked":"True Grit","floor":1},{"not_picked":["Clash","Wild Strike"],"picked":"Pommel Strike","floor":3},{"not_picked":["Burning Pact","True Grit"],"picked":"Uppercut","floor":4},{"not_picked":["Pommel Strike","Perfected Strike"],"picked":"Ghostly Armor","floor":6},{"not_picked":["True Grit","Juggernaut"],"picked":"Inflame","floor":11},{"not_picked":["Sword Boomerang","Armaments"],"picked":"Shrug It Off","floor":13},{"not_picked":["Armaments","Sentinel"],"picked":"Power Through","floor":14},{"not_picked":["Fiend Fire","Barricade"],"picked":"Limit Break","floor":16},{"not_picked":["Headbutt","Uppercut"],"picked":"Metallicize","floor":18},{"not_picked":["Havoc+1","Shrug It Off"],"picked":"True Grit+1","floor":19},{"not_picked":["Iron Wave","Headbutt"],"picked":"Double Tap","floor":22},{"not_picked":["Disarm","Rupture"],"picked":"Barricade","floor":23}],"player_experience":222719,"relics_obtained":[{"floor":6,"key":"Paper Frog"},{"floor":9,"key":"Letter Opener"},{"floor":11,"key":"Ancient Tea Set"},{"floor":13,"key":"Dodecahedron"},{"floor":23,"key":"Tiny Chest"},{"floor":23,"key":"Oddly Smooth Stone"}],"event_choices":[{"event_name":"World of Goop","player_choice":"Gather Gold","floor":2,"damage_taken":0},{"event_name":"Liars Game","player_choice":"agreed","floor":5,"damage_taken":0},{"event_name":"The Lab","player_choice":"Got Potions","floor":7,"damage_taken":0},{"event_name":"Drug Dealer","player_choice":"Got JAXXED","floor":20,"damage_taken":0}],"boss_relics":[{"not_picked":["White Beast Statue","Calling Bell"],"picked":"Black Star"}],"items_purged_floors":[21],"is_endless":false,"potions_floor_spawned":[6,11,16,19,23],"killed_by":"Slavers","ascension_level":1}