{"gold_per_floor":[214,214,73,93,93,93,128,144,144,144,156,156,178,178,178,277,277,297,313,313],"floor_reached":20,"playtime":1838,"items_purged":[],"score":275,"play_id":"bca76039-15aa-45c5-9441-6a9c643bc8f8","local_time":"20180729152403","is_ascension_mode":true,"campfire_choices":[{"data":"Bash","floor":6,"key":"SMITH"},{"data":"True Grit","floor":10,"key":"SMITH"},{"data":"Whirlwind","floor":12,"key":"SMITH"},{"data":"Limit Break","floor":15,"key":"SMITH"}],"neow_cost":"NONE","seed_source_timestamp":968844201516457,"circlet_count":0,"master_deck":["Strike_R","Strike_R","Strike_R+1","Strike_R","Defend_R","Defend_R","Defend_R","Defend_R","Bash+1","AscendersBane","Anger","Ghostly Armor","Whirlwind+1","Feel No Pain","Clothesline+1","True Grit+1","Limit Break+1","Armaments+1","Pommel Strike"],"relics":["Black Blood","The Courier","Whetstone","Odd Mushroom","Ancient Tea Set"],"potions_floor_usage":[16,16,20],"damage_taken":[{"damage":4,"enemies":"Jaw Worm","floor":1,"turns":4},{"damage":0,"enemies":"Cultist","floor":4,"turns":4},{"damage":32,"enemies":"Lagavulin","floor":7,"turns":6},{"damage":9,"enemies":"2 Louse","floor":8,"turns":2},{"damage":0,"enemies":"Large Slime","floor":11,"turns":4},{"damage":10,"floor":13,"turns":3},{"damage":56,"enemies":"The Guardian","floor":16,"turns":13},{"damage":41,"enemies":"Spheric Guardian","floor":18,"turns":6},{"damage":12,"enemies":"3 Byrds","floor":19,"turns":6},{"damage":37,"enemies":"Slaver and Parasite","floor":20,"turns":3}],"seed_played":"8161874469256382532","potions_obtained":[{"floor":4,"key":"Fire Potion"},{"floor":8,"key":"SkillPotion"},{"floor":13,"key":"FearPotion"},{"floor":18,"key":"Ancient Potion"},{"floor":19,"key":"Block Potion"}],"is_trial":false,"path_per_floor":["M","?","$","M","?","R","E","M","T","R","M","R","?","?","R","B",null,"M","M"],"character_chosen":"IRONCLAD","items_purchased":["Ghostly Armor","Whirlwind"],"campfire_rested":0,"item_purchase_floors":[3,3],"current_hp_per_floor":[74,74,74,80,85,85,59,56,56,56,62,62,58,58,58,8,66,35,33,0],"gold":313,"neow_bonus":"HUNDRED_GOLD","is_prod":false,"is_daily":false,"chose_seed":false,"campfire_upgraded":4,"win_rate":0,"timestamp":1532874243,"path_taken":["M","?","$","M","?","R","E","M","T","R","M","R","?","?","R","BOSS","M","M","M"],"build_version":"2018-07-26","purchased_purges":0,"victory":false,"max_hp_per_floor":[80,80,80,80,85,85,85,85,85,85,85,85,85,85,85,85,85,85,85,85],"card_choices":[{"not_picked":["Havoc","Spot Weakness"],"picked":"Anger","floor":1},{"not_picked":["Hemokinesis","Body Slam"],"picked":"Feel No Pain","floor":4},{"not_picked":["Dropkick","Clash"],"picked":"Clothesline","floor":7},{"not_picked":["Heavy Blade","Uppercut"],"picked":"True Grit","floor":8},{"not_picked":["True Grit","Iron Wave"],"picked":"Limit Break","floor":11},{"not_picked":["Sword Boomerang","True Grit"],"picked":"Armaments+1","floor":18},{"not_picked":["Havoc","Pummel"],"picked":"Pommel Strike","floor":19}],"player_experience":521346,"relics_obtained":[{"floor":7,"key":"The Courier"},{"floor":9,"key":"Whetstone"},{"floor":13,"key":"Odd Mushroom"}],"event_choices":[{"event_name":"Purifier","player_choice":"One Purge","floor":2,"damage_taken":0},{"event_name":"Big Fish","player_choice":"Donut","floor":5,"damage_taken":0},{"event_name":"Mushrooms","player_choice":"Fought Mushrooms","floor":13,"damage_taken":0},{"event_name":"Dead Adventurer","player_choice":"Searched \u00271\u0027 times","floor":14,"damage_taken":0}],"is_beta":false,"boss_relics":[{"not_picked":["Runic Cube","Lizard Tail"],"picked":"Black Blood"}],"items_purged_floors":[],"is_endless":false,"potions_floor_spawned":[4,8,13,18,19],"killed_by":"Slaver and Parasite","ascension_level":12}