{"gold_per_floor":[116,116,131,83,108,149,149,227,227,261,281,312,312,68,68,187,187,207,110,110,125,125,125,125],"floor_reached":24,"playtime":1834,"items_purged":[],"score":364,"play_id":"87064ce1-7a1d-42ce-8479-581981174b82","local_time":"20180729140343","is_ascension_mode":true,"campfire_choices":[{"data":"Armaments","floor":7.0,"key":"SMITH"},{"floor":15.0,"key":"REST"},{"data":"Inflame","floor":23,"key":"SMITH"}],"neow_cost":"NONE","seed_source_timestamp":0,"circlet_count":0,"master_deck":["Defend_R","Defend_R","Defend_R","Defend_R","Bash+1","AscendersBane","Armaments+1","Seeing Red","Body Slam","Feel No Pain","Feel No Pain","Disarm+1","Warcry","Inflame+1","True Grit","Shrug It Off","Reckless Charge","Fiend Fire","Clothesline","Metallicize","Bite","Bite","Bite","Bite","Bite"],"special_seed":0,"relics":["Burning Blood","Golden Idol","Darkstone Periapt","Paper Frog","Ancient Tea Set","Mango","Blue Candle","Velvet Choker"],"potions_floor_usage":[24],"damage_taken":[{"damage":7.0,"enemies":"Jaw Worm","floor":1.0,"turns":4.0},{"damage":5.0,"enemies":"2 Louse","floor":3.0,"turns":4.0},{"damage":0.0,"enemies":"Small Slimes","floor":5.0,"turns":4.0},{"damage":20.0,"enemies":"Lagavulin","floor":6.0,"turns":7.0},{"damage":41.0,"enemies":"Gremlin Nob","floor":10.0,"turns":5.0},{"damage":5.0,"enemies":"2 Fungi Beasts","floor":11.0,"turns":4.0},{"damage":5.0,"enemies":"3 Sentries","floor":12.0,"turns":9.0},{"damage":23.0,"enemies":"Hexaghost","floor":16.0,"turns":11.0},{"damage":23,"enemies":"Shell Parasite","floor":18,"turns":6},{"damage":12,"enemies":"Chosen","floor":21,"turns":4},{"damage":80,"enemies":"Gremlin Leader","floor":24,"turns":10}],"seed_played":"8744825931020624860","potions_obtained":[{"floor":3.0,"key":"Poison Potion"},{"floor":6.0,"key":"Weak Potion"},{"floor":10.0,"key":"PowerPotion"},{"floor":16.0,"key":"FearPotion"},{"floor":21,"key":"Weak Potion"}],"is_trial":false,"path_per_floor":["M","?","M","$","M","E","R","?","T","E","M","E","?","$","R","B",null,"M","$","?","M","?","R"],"character_chosen":"IRONCLAD","items_purchased":["Weak Potion","Inflame","True Grit","Shrug It Off","Reckless Charge","Clothesline","Metallicize"],"campfire_rested":1,"item_purchase_floors":[4,14,14,14,14,19,19],"current_hp_per_floor":[71,51,52,52,58,44,44,44,44,9,10,25,13,13,41,24,77,60,60,60,60,60,60,0],"gold":125,"neow_bonus":"UPGRADE_CARD","is_prod":false,"is_daily":false,"chose_seed":false,"campfire_upgraded":2,"win_rate":0,"timestamp":1532869423,"path_taken":["M","?","M","$","M","E","R","?","T","E","M","E","?","?","R","BOSS","M","$","?","?","?","R","E"],"build_version":"2018-07-26","purchased_purges":0,"victory":false,"max_hp_per_floor":[80,80,80,80,80,80,80,80,80,80,80,94,94,94,94,94,94,94,94,65,65,65,65,65],"card_choices":[{"not_picked":["Flex","Battle Trance"],"picked":"Armaments","floor":1.0},{"not_picked":["Sentinel","Thunderclap"],"picked":"Seeing Red","floor":3.0},{"not_picked":["Fire Breathing","Armaments"],"picked":"Body Slam","floor":5.0},{"not_picked":["Pommel Strike","Brutality"],"picked":"Feel No Pain","floor":6.0},{"not_picked":["Sword Boomerang","Dropkick"],"picked":"Feel No Pain","floor":10.0},{"not_picked":["Clash","Pommel Strike"],"picked":"Disarm","floor":11.0},{"not_picked":["Iron Wave","Carnage"],"picked":"Warcry","floor":12.0},{"not_picked":["Brutality","Dark Embrace"],"picked":"Fiend Fire","floor":16.0},{"not_picked":["Armaments","Heavy Blade","Havoc"],"picked":"SKIP","floor":18},{"not_picked":["Havoc","Reckless Charge","Anger"],"picked":"SKIP","floor":21}],"player_experience":518174,"relics_obtained":[{"floor":6.0,"key":"Darkstone Periapt"},{"floor":9.0,"key":"Paper Frog"},{"floor":10.0,"key":"Ancient Tea Set"},{"floor":12.0,"key":"Mango"}],"event_choices":[{"event_name":"Golden Idol","player_choice":"Take Damage","floor":2.0,"damage_taken":0.0},{"event_name":"Golden Wing","player_choice":"Gained Gold","floor":8.0,"damage_taken":0.0},{"event_name":"Scrap Ooze","player_choice":"success","floor":13.0,"damage_taken":12.0},{"event_name":"Vampires","player_choice":"Became a vampire","floor":20,"damage_taken":0},{"event_name":"Accursed Blacksmith","player_choice":"Forge","floor":22,"damage_taken":0}],"is_beta":false,"boss_relics":[{"not_picked":["Lizard Tail","Black Star"],"picked":"Velvet Choker"}],"items_purged_floors":[],"is_endless":false,"potions_floor_spawned":[3,6,10,16,21],"killed_by":"Gremlin Leader","ascension_level":12}