{"gold_per_floor":[114,133,151,15,15,26,54,54,54,54,83,99,99,118,118,214,214,214,214,214,214,214,214,214,214,214,214,214,214,214,214,214,214,214,214,214,139,139,139,139,139,139,139,139,139,139,139,3,3,3],"floor_reached":51,"playtime":9566,"items_purged":["Strike_R"],"score":1106,"play_id":"f4c4431e-d45d-48c8-8028-3d43b3801e9a","local_time":"20180724221351","is_ascension_mode":true,"campfire_choices":[{"data":"Shockwave","floor":8.0,"key":"SMITH"},{"data":"True Grit","floor":10.0,"key":"SMITH"},{"data":"True Grit","floor":13.0,"key":"SMITH"},{"data":"Disarm","floor":15.0,"key":"SMITH"},{"floor":23,"key":"REST"},{"data":"Exhume","floor":29,"key":"SMITH"},{"data":"Clothesline","floor":32,"key":"SMITH"},{"floor":40,"key":"REST"},{"floor":49,"key":"REST"}],"neow_cost":"NONE","seed_source_timestamp":0,"circlet_count":0,"master_deck":["Strike_R","Strike_R","Strike_R","Strike_R","Defend_R","Defend_R","Defend_R","Defend_R","Bash+1","AscendersBane","Clothesline+1","Disarm+1","Shockwave+1","True Grit+1","Anger","Inflame+1","Battle Trance","True Grit+1","Feed","Exhume+1","Spot Weakness","True Grit+1","Offering+1","Armaments+1","Twin Strike+1","Flame Barrier+1","Uppercut+1","Shrug It Off+1","Flash of Steel+1"],"special_seed":0,"relics":["Burning Blood","Gremlin Horn","Blue Candle","Blood Vial","Ectoplasm","Nilry\u0027s Codex","Meat on the Bone","Regal Pillow","Toxic Egg 2","Sozu","Prayer Wheel","Molten Egg 2","Pen Nib"],"potions_floor_usage":[24,38,42,50],"damage_taken":[{"damage":2.0,"enemies":"Small Slimes","floor":1.0,"turns":4.0},{"damage":2.0,"enemies":"Cultist","floor":2.0,"turns":4.0},{"damage":4.0,"enemies":"Jaw Worm","floor":3.0,"turns":5.0},{"damage":6.0,"enemies":"Red Slaver","floor":6.0,"turns":3.0},{"damage":14.0,"enemies":"Lagavulin","floor":7.0,"turns":7.0},{"damage":29.0,"enemies":"Gremlin Nob","floor":11.0,"turns":5.0},{"damage":5.0,"enemies":"2 Fungi Beasts","floor":12.0,"turns":3.0},{"damage":3.0,"enemies":"Looter","floor":14.0,"turns":4.0},{"damage":20.0,"enemies":"The Guardian","floor":16.0,"turns":12.0},{"damage":32,"enemies":"3 Byrds","floor":18,"turns":7},{"damage":3,"enemies":"Shell Parasite","floor":21,"turns":8},{"damage":32,"enemies":"Book of Stabbing","floor":24,"turns":6},{"damage":29,"enemies":"Snecko","floor":25,"turns":5},{"damage":14,"enemies":"Centurion and Healer","floor":27,"turns":5},{"damage":8,"enemies":"Cultist and Chosen","floor":28,"turns":9},{"damage":30,"enemies":"Slavers","floor":30,"turns":8},{"damage":33,"enemies":"Chosen and Byrds","floor":31,"turns":10},{"damage":73,"enemies":"Champ","floor":33,"turns":10},{"damage":10,"enemies":"Flame Bruiser 1 Orb","floor":35,"turns":4},{"damage":19,"enemies":"Orb Walker","floor":36,"turns":5},{"damage":23,"floor":38,"turns":7},{"damage":8,"enemies":"Spire Growth","floor":39,"turns":6},{"damage":31,"enemies":"3 Darklings","floor":41,"turns":6},{"damage":28,"enemies":"Nemesis","floor":42,"turns":13},{"damage":32,"enemies":"Transient","floor":45,"turns":5},{"damage":55,"enemies":"Donu and Deca","floor":50,"turns":13}],"seed_played":"8458466179749285046","potions_obtained":[{"floor":1.0,"key":"Weak Potion"},{"floor":2.0,"key":"Dexterity Potion"},{"floor":7.0,"key":"SkillPotion"},{"floor":11.0,"key":"Fire Potion"},{"floor":18,"key":"Fire Potion"},{"floor":24,"key":"Fire Potion"}],"is_trial":false,"path_per_floor":["M","M","M","$","?","M","E","R","T","R","E","M","R","M","R","B",null,"M","?","?","M","?","R","E","M","T","M","M","R","E","M","R","B",null,"M","M","$","?","M","R","M","E","T","$","M","?","?","$","R","B"],"character_chosen":"IRONCLAD","items_purchased":["Shockwave","True Grit","Anger","Shrug It Off+1","Flash of Steel+1"],"campfire_rested":3,"item_purchase_floors":[4,4,4,48,48],"current_hp_per_floor":[76,80,80,80,80,80,72,72,72,72,49,52,52,57,57,48,74,56,56,40,48,48,75,54,45,45,54,90,90,103,107,107,55,96,97,89,89,78,81,123,98,82,82,82,70,70,70,70,123,76],"gold":3,"neow_bonus":"UPGRADE_CARD","is_prod":false,"is_daily":false,"chose_seed":false,"campfire_upgraded":6,"win_rate":0,"timestamp":1532466831,"path_taken":["M","M","M","$","?","M","E","R","T","R","E","?","R","M","R","BOSS","M","?","?","M","?","R","E","M","T","M","M","R","E","M","R","BOSS","M","M","$","?","M","R","?","E","T","?","M","?","?","$","R","BOSS"],"build_version":"2018-07-19v2","purchased_purges":1,"victory":true,"max_hp_per_floor":[80,80,80,80,80,80,80,80,80,80,80,80,80,80,80,83,83,89,89,89,92,92,92,95,95,95,98,101,101,104,107,107,110,110,113,116,116,120,123,123,123,127,127,127,127,127,127,127,127,127],"card_choices":[{"not_picked":["Anger","Warcry"],"picked":"Clothesline","floor":1.0},{"not_picked":["Clash","Rupture","Thunderclap"],"picked":"SKIP","floor":2.0},{"not_picked":["Thunderclap","Flex"],"picked":"Disarm","floor":3.0},{"not_picked":["Uppercut","Wild Strike"],"picked":"Inflame","floor":6.0},{"not_picked":["Anger","Iron Wave"],"picked":"Battle Trance","floor":7.0},{"not_picked":["Shrug It Off","Clothesline"],"picked":"True Grit","floor":11.0},{"not_picked":["Iron Wave","Cleave","Pommel Strike"],"picked":"SKIP","floor":12.0},{"not_picked":["Clash","Shrug It Off"],"picked":"Feed","floor":14.0},{"not_picked":["Barricade","Double Tap"],"picked":"Exhume","floor":16.0},{"not_picked":["Body Slam+1","Sword Boomerang"],"picked":"Spot Weakness","floor":18},{"not_picked":["Seeing Red","Thunderclap","Flame Barrier"],"picked":"SKIP","floor":21},{"not_picked":["Blood for Blood+1","Armaments","Rupture"],"picked":"SKIP","floor":24},{"not_picked":["Fire Breathing","Sword Boomerang"],"picked":"True Grit+1","floor":25},{"not_picked":["Warcry","Clash","Cleave"],"picked":"SKIP","floor":27},{"not_picked":["Pummel","Headbutt","Sever Soul"],"picked":"SKIP","floor":28},{"not_picked":["Warcry","Second Wind+1","Perfected Strike"],"picked":"SKIP","floor":30},{"not_picked":["Flex+1","Shrug It Off+1"],"picked":"Offering+1","floor":31},{"not_picked":["Clash+1","Sword Boomerang+1"],"picked":"Shrug It Off+1","floor":35},{"not_picked":["Sword Boomerang+1","Heavy Blade+1"],"picked":"Armaments+1","floor":36},{"not_picked":["Second Wind+1","Thunderclap+1"],"picked":"Twin Strike+1","floor":39},{"not_picked":["Clothesline","Impervious+1"],"picked":"Flame Barrier+1","floor":39},{"not_picked":["Iron Wave","Flame Barrier+1","Second Wind+1"],"picked":"SKIP","floor":41},{"not_picked":["Cleave+1","Pommel Strike","Searing Blow"],"picked":"SKIP","floor":41},{"not_picked":["Headbutt","Iron Wave","Wild Strike"],"picked":"SKIP","floor":42},{"not_picked":["Clash+1","Warcry+1"],"picked":"Uppercut+1","floor":45},{"not_picked":["Fiend Fire+1","Anger+1","Clash+1"],"picked":"SKIP","floor":45}],"player_experience":450478,"relics_obtained":[{"floor":7.0,"key":"Gremlin Horn"},{"floor":9.0,"key":"Blue Candle"},{"floor":11.0,"key":"Blood Vial"},{"floor":20,"key":"Nilry\u0027s Codex"},{"floor":24,"key":"Meat on the Bone"},{"floor":26,"key":"Regal Pillow"},{"floor":30,"key":"Toxic Egg 2"},{"floor":38,"key":"Prayer Wheel"},{"floor":42,"key":"Molten Egg 2"},{"floor":43,"key":"Pen Nib"}],"event_choices":[{"event_name":"The Cleric","player_choice":"Leave","floor":5.0,"damage_taken":0.0},{"event_name":"Upgrade Shrine","player_choice":"Upgraded","floor":19,"damage_taken":0},{"event_name":"Cursed Tome","player_choice":"Obtained Book","floor":20,"damage_taken":0},{"event_name":"Addict","player_choice":"Ignored","floor":22,"damage_taken":0},{"event_name":"Mysterious Sphere","player_choice":"Fight","floor":38,"damage_taken":0},{"event_name":"Tomb of Lord Red Mask","player_choice":"Ignored","floor":46,"damage_taken":0},{"event_name":"Falling","player_choice":"Removed Skill","floor":47,"damage_taken":0}],"is_beta":false,"boss_relics":[{"not_picked":["White Beast Statue","Snecko Eye"],"picked":"Ectoplasm"},{"not_picked":["Black Star","Fusion Hammer"],"picked":"Sozu"}],"items_purged_floors":[37],"is_endless":false,"potions_floor_spawned":[1,2,7,11,14,18,24,28,31,36,39,42],"ascension_level":10}