{"gold_per_floor":[117,137,137,149,149,178,53,53,53,78,68,80,104,150,162,277,289,315,327,194,194,221,221,237,237,262,289,289,352,352,365,365,365],"floor_reached":33,"playtime":3026,"items_purged":["Strike_R","Strike_R+1"],"score":478,"play_id":"9e7cb5c7-0890-4429-acf0-0278f2d94271","local_time":"20180729203035","is_ascension_mode":true,"campfire_choices":[{"floor":8,"key":"REST"},{"floor":12,"key":"REST"},{"data":"Clothesline","floor":15,"key":"SMITH"},{"data":"Whirlwind","floor":23,"key":"SMITH"},{"floor":25,"key":"REST"},{"floor":28,"key":"REST"},{"floor":30,"key":"REST"},{"data":"Immolate","floor":32,"key":"SMITH"}],"neow_cost":"NONE","seed_source_timestamp":986047666684289,"circlet_count":0,"master_deck":["Strike_R+1","Strike_R+1","Strike_R+1","Defend_R+1","Defend_R+1","Defend_R+1","Defend_R+1","Bash+1","AscendersBane","Anger","Ghostly Armor","Whirlwind+1","True Grit","Immolate+1","Shrug It Off","Clothesline+1","Reaper","Shrug It Off","Battle Trance","Feel No Pain+1","Warcry","Feed","Ghostly Armor"],"relics":["Burning Blood","Frozen Egg 2","Dead Branch","MawBank","Art of War","Sozu","Red Mask","Ancient Tea Set","Ice Cream","Tiny Chest"],"potions_floor_usage":[6,10,16,22],"damage_taken":[{"damage":0,"enemies":"Small Slimes","floor":1,"turns":4},{"damage":1,"enemies":"Cultist","floor":2,"turns":4},{"damage":12,"enemies":"Jaw Worm","floor":4,"turns":3},{"damage":24,"enemies":"Lagavulin","floor":6,"turns":6},{"damage":32,"enemies":"Gremlin Nob","floor":10,"turns":4},{"damage":4,"enemies":"Looter","floor":13,"turns":3},{"damage":2,"enemies":"3 Sentries","floor":14,"turns":5},{"damage":52,"enemies":"The Guardian","floor":16,"turns":11},{"damage":29,"enemies":"2 Thieves","floor":18,"turns":4},{"damage":24,"floor":22,"turns":4},{"damage":0,"enemies":"3 Byrds","floor":24,"turns":4},{"damage":55,"enemies":"Gremlin Leader","floor":27,"turns":10},{"damage":14,"enemies":"Book of Stabbing","floor":29,"turns":7},{"damage":0,"enemies":"Cultist and Chosen","floor":31,"turns":6},{"damage":110,"enemies":"Collector","floor":33,"turns":10}],"seed_played":"9037928445995949972","potions_obtained":[{"floor":1,"key":"Strength Potion"},{"floor":6,"key":"SpeedPotion"},{"floor":13,"key":"AttackPotion"}],"is_trial":false,"path_per_floor":["M","M","?","M","?","E","$","R","T","E","?","R","M","E","R","B",null,"M","?","$","?","?","R","M","R","T","E","R","E","R","M","R"],"character_chosen":"IRONCLAD","items_purchased":["Strength Potion","Shrug It Off"],"campfire_rested":5,"item_purchase_floors":[7,20],"current_hp_per_floor":[78,80,80,74,58,40,40,64,64,38,38,62,64,68,68,22,66,43,43,43,43,25,25,36,60,60,25,49,41,65,79,79,0],"gold":365,"neow_bonus":"THREE_SMALL_POTIONS","is_prod":false,"is_daily":false,"chose_seed":false,"campfire_upgraded":3,"win_rate":0,"timestamp":1532892635,"path_taken":["M","M","?","M","?","E","$","R","T","E","?","R","M","E","R","BOSS","M","?","?","?","?","R","M","R","T","E","R","E","R","M","R","BOSS"],"build_version":"2018-07-26","purchased_purges":2,"victory":false,"max_hp_per_floor":[80,80,80,80,80,80,80,80,80,80,80,80,80,80,80,80,80,80,80,80,80,80,80,80,80,80,80,80,80,80,80,80,80],"card_choices":[{"not_picked":["Pommel Strike","True Grit"],"picked":"Anger","floor":1},{"not_picked":["Wild Strike","Rupture"],"picked":"Ghostly Armor","floor":2},{"not_picked":["Infernal Blade","Warcry"],"picked":"Whirlwind","floor":4},{"not_picked":["Flex","Intimidate"],"picked":"True Grit","floor":6},{"not_picked":["Rampage","Combust+1"],"picked":"Immolate","floor":10},{"not_picked":["Body Slam","Power Through"],"picked":"Shrug It Off","floor":13},{"not_picked":["Pommel Strike","Dual Wield"],"picked":"Clothesline","floor":14},{"not_picked":["Berserk+1","Double Tap"],"picked":"Reaper","floor":16},{"not_picked":["Rampage","Body Slam","Twin Strike"],"picked":"SKIP","floor":18},{"not_picked":["Armaments+1","Rage"],"picked":"Feel No Pain+1","floor":22},{"not_picked":["Armaments","Sentinel"],"picked":"Warcry","floor":24},{"not_picked":["Warcry","Sword Boomerang","Rampage"],"picked":"SKIP","floor":27},{"not_picked":["Thunderclap","Flex"],"picked":"Feed","floor":29},{"not_picked":["Perfected Strike","Pommel Strike"],"picked":"Ghostly Armor","floor":31}],"player_experience":527717,"relics_obtained":[{"floor":6,"key":"Frozen Egg 2"},{"floor":9,"key":"Dead Branch"},{"floor":10,"key":"MawBank"},{"floor":14,"key":"Art of War"},{"floor":22,"key":"Red Mask"},{"floor":26,"key":"Ancient Tea Set"},{"floor":27,"key":"Ice Cream"},{"floor":29,"key":"Tiny Chest"}],"event_choices":[{"event_name":"Upgrade Shrine","player_choice":"Upgraded","floor":3,"damage_taken":0},{"event_name":"Shining Light","player_choice":"Entered Light","floor":5,"damage_taken":0},{"event_name":"World of Goop","player_choice":"Left","floor":11,"damage_taken":0},{"event_name":"Back to Basics","player_choice":"Simplicity","floor":19,"damage_taken":0},{"event_name":"The Library","player_choice":"Read","floor":21,"damage_taken":0},{"event_name":"Masked Bandits","player_choice":"Fought over 194 gold","floor":22,"damage_taken":0}],"is_beta":false,"boss_relics":[{"not_picked":["Fusion Hammer","Runic Dome"],"picked":"Sozu"}],"items_purged_floors":[7,20],"is_endless":false,"potions_floor_spawned":[1,6,13,22,27,31],"killed_by":"Collector","ascension_level":12}