{"gold_per_floor":[113,123,123,135,98,98,26,60,130,130,163,163,192,205,205,205],"floor_reached":16,"playtime":1253,"items_purged":[],"score":171,"play_id":"ed507d3c-b718-40bb-821e-091a892c87b6","local_time":"20180722212156","is_ascension_mode":true,"campfire_choices":[{"data":"Uppercut","floor":6,"key":"SMITH"},{"data":"Flame Barrier","floor":10,"key":"SMITH"},{"data":"Shockwave","floor":15,"key":"SMITH"}],"neow_cost":"NONE","seed_source_timestamp":386099935808428,"circlet_count":0,"master_deck":["Strike_R","Strike_R","Strike_R","Strike_R","Strike_R","Defend_R","Defend_R","Defend_R","Defend_R","Bash+1","Uppercut+1","Battle Trance","Sword Boomerang","Evolve","Flame Barrier+1","Shrug It Off","Parasite","Shockwave+1"],"relics":["Burning Blood","Art of War","Bottled Tornado","Singing Bowl","Prayer Wheel"],"potions_floor_usage":[11,13,16,16,16],"damage_taken":[{"damage":6,"enemies":"Jaw Worm","floor":1,"turns":5},{"damage":1,"enemies":"Cultist","floor":2,"turns":3},{"damage":11,"enemies":"Small Slimes","floor":4,"turns":3},{"damage":30,"enemies":"3 Sentries","floor":8,"turns":10},{"damage":36,"enemies":"Lagavulin","floor":11,"turns":7},{"damage":20,"enemies":"3 Sentries","floor":13,"turns":9},{"damage":6,"enemies":"Red Slaver","floor":14,"turns":4},{"damage":64,"enemies":"Slime Boss","floor":16,"turns":8}],"seed_played":"3249010406155111118","potions_obtained":[{"floor":1,"key":"LiquidBronze"},{"floor":11,"key":"GamblersBrew"},{"floor":13,"key":"GamblersBrew"},{"floor":14,"key":"Explosive Potion"}],"is_trial":false,"path_per_floor":["M","M","?","M","$","R","$","E","T","R","E","?","E","M","R"],"character_chosen":"IRONCLAD","items_purchased":["Evolve","Regen Potion"],"campfire_rested":0,"item_purchase_floors":[5,7],"current_hp_per_floor":[72,77,82,77,77,77,77,53,53,53,38,59,47,49,49,0],"gold":205,"neow_bonus":"UPGRADE_CARD","is_prod":false,"is_daily":false,"chose_seed":false,"campfire_upgraded":3,"win_rate":0,"timestamp":1532290916,"path_taken":["M","M","?","M","$","R","$","E","T","R","E","?","E","M","R","BOSS"],"build_version":"2018-07-19v2","purchased_purges":0,"victory":false,"max_hp_per_floor":[80,80,85,85,85,85,85,85,85,85,85,85,87,89,89,89],"card_choices":[{"not_picked":["Twin Strike","Heavy Blade"],"picked":"Uppercut","floor":1},{"not_picked":["Flex","Seeing Red"],"picked":"Battle Trance","floor":2},{"not_picked":["Clash","Berserk"],"picked":"Sword Boomerang","floor":4},{"not_picked":["Flex","True Grit"],"picked":"Flame Barrier","floor":8},{"not_picked":["Body Slam","Clash"],"picked":"Shrug It Off","floor":11},{"not_picked":["Fire Breathing","Rage","Flex"],"picked":"Singing Bowl","floor":13},{"not_picked":["Intimidate","Reaper"],"picked":"Shockwave","floor":14},{"not_picked":["Infernal Blade","Searing Blow","Shockwave"],"picked":"Singing Bowl","floor":14}],"player_experience":433727,"relics_obtained":[{"floor":8,"key":"Art of War"},{"floor":9,"key":"Bottled Tornado"},{"floor":11,"key":"Singing Bowl"},{"floor":13,"key":"Prayer Wheel"}],"event_choices":[{"event_name":"Big Fish","player_choice":"Donut","floor":3,"damage_taken":0},{"event_name":"Mushrooms","player_choice":"Healed and dodged fight","floor":12,"damage_taken":0}],"is_beta":false,"boss_relics":[],"items_purged_floors":[],"is_endless":false,"potions_floor_spawned":[1,11,13,14],"killed_by":"Slime Boss","ascension_level":9}