{"gold_per_floor":[210,210,224,241,21,21,52,52,52,82,82,82,82,94,94,168,218,232,232,34,52,0,0,0,0,27,42,42,58,78,78,78,78],"floor_reached":33,"playtime":1451,"items_purged":["Strike_R"],"score":519,"play_id":"0babc640-a6a9-45dd-a4f5-451042158aa2","local_time":"20180802195025","is_ascension_mode":true,"campfire_choices":[{"data":"Searing Blow","floor":6,"key":"SMITH"},{"data":"Searing Blow+1","floor":8,"key":"SMITH"},{"data":"Searing Blow+2","floor":11,"key":"SMITH"},{"data":"Searing Blow+3","floor":15,"key":"SMITH"},{"data":"Armaments","floor":23,"key":"SMITH"},{"floor":25,"key":"REST"},{"data":"Searing Blow+4","floor":28,"key":"SMITH"},{"data":"Searing Blow+5","floor":32,"key":"SMITH"}],"neow_cost":"NONE","seed_source_timestamp":1330818398409154,"circlet_count":0,"master_deck":["Strike_R","Strike_R","Strike_R","Defend_R+1","Defend_R","Defend_R","Defend_R","Bash+1","AscendersBane","Cleave","Searing Blow+6","Offering","Inflame","Feed","True Grit","Armaments","Shrug It Off","Armaments+1","Power Through","Decay","Flame Barrier","Headbutt","Clothesline"],"relics":["Burning Blood","Pen Nib","The Courier","Ancient Tea Set","Oddly Smooth Stone","Tiny House","Bag of Marbles"],"potions_floor_usage":[7,7,16,16,19,27,33],"damage_taken":[{"damage":0,"enemies":"Small Slimes","floor":1,"turns":3},{"damage":3,"enemies":"Jaw Worm","floor":3,"turns":4},{"damage":1,"enemies":"Cultist","floor":4,"turns":3},{"damage":36,"enemies":"Lagavulin","floor":7,"turns":6},{"damage":14,"enemies":"3 Sentries","floor":10,"turns":6},{"damage":11,"enemies":"Looter","floor":14,"turns":2},{"damage":5,"enemies":"Slime Boss","floor":16,"turns":6},{"damage":23,"enemies":"Spheric Guardian","floor":18,"turns":4},{"damage":0,"enemies":"2 Thieves","floor":19,"turns":1},{"damage":40,"enemies":"Chosen and Byrds","floor":21,"turns":9},{"damage":17,"enemies":"Snecko","floor":27,"turns":5},{"damage":5,"enemies":"3 Cultists","floor":29,"turns":5},{"damage":6,"enemies":"Sentry and Sphere","floor":30,"turns":5},{"damage":114,"enemies":"Collector","floor":33,"turns":10}],"seed_played":"484906178001481832","potions_obtained":[{"floor":3,"key":"SpeedPotion"},{"floor":4,"key":"SpeedPotion"},{"floor":14,"key":"EntropicBrew"},{"floor":17,"key":"SmokeBomb"},{"floor":29,"key":"FairyPotion"}],"is_trial":false,"path_per_floor":["M","?","M","M","$","R","E","R","T","E","R","?","?","M","R","B",null,"M","M","$","M","?","R","?","R","T","M","R","M","M","$","R"],"character_chosen":"IRONCLAD","items_purchased":["Offering","Pen Nib","Regen Potion","Shrug It Off","Armaments"],"campfire_rested":1,"item_purchase_floors":[5,5,20,20,20],"current_hp_per_floor":[74,74,75,75,75,75,45,45,45,37,37,62,62,57,57,58,76,59,65,65,31,31,31,31,55,55,56,56,60,60,60,60,0],"gold":78,"neow_bonus":"HUNDRED_GOLD","is_prod":false,"is_daily":false,"chose_seed":false,"campfire_upgraded":7,"win_rate":0,"timestamp":1533235825,"path_taken":["M","?","M","M","$","R","E","R","T","E","R","?","?","M","R","BOSS","M","M","$","M","?","R","?","R","T","M","R","M","M","$","R","BOSS"],"build_version":"2018-07-26","purchased_purges":1,"victory":false,"max_hp_per_floor":[75,75,75,75,75,75,75,75,75,75,75,75,75,75,75,75,80,80,80,80,80,80,80,80,80,80,80,80,83,83,83,83,83],"card_choices":[{"not_picked":["Havoc","Intimidate","Rupture"],"picked":"SKIP","floor":1},{"not_picked":["Rupture","Warcry"],"picked":"Cleave","floor":3},{"not_picked":["Sever Soul","Thunderclap"],"picked":"Searing Blow","floor":4},{"not_picked":["Rupture","Warcry"],"picked":"Inflame","floor":7},{"not_picked":["Body Slam","Warcry","Twin Strike"],"picked":"SKIP","floor":10},{"not_picked":["Havoc","Cleave","Wild Strike"],"picked":"SKIP","floor":14},{"not_picked":["Double Tap","Demon Form"],"picked":"Feed","floor":16},{"not_picked":["Clothesline","Thunderclap"],"picked":"True Grit","floor":17},{"not_picked":["Dual Wield","Warcry"],"picked":"Armaments","floor":18},{"not_picked":["Flex","Intimidate"],"picked":"Power Through","floor":21},{"not_picked":["Sever Soul","Spot Weakness"],"picked":"Flame Barrier","floor":27},{"not_picked":["Rage","Uppercut"],"picked":"Headbutt","floor":29},{"not_picked":["Immolate","True Grit"],"picked":"Clothesline","floor":30}],"player_experience":575055,"relics_obtained":[{"floor":7,"key":"The Courier"},{"floor":9,"key":"Ancient Tea Set"},{"floor":10,"key":"Oddly Smooth Stone"},{"floor":26,"key":"Bag of Marbles"}],"event_choices":[{"event_name":"Living Wall","player_choice":"Grow","floor":2,"damage_taken":0},{"event_name":"Big Fish","player_choice":"Banana","floor":12,"damage_taken":0},{"event_name":"Purifier","player_choice":"One Purge","floor":13,"damage_taken":0},{"event_name":"Masked Bandits","player_choice":"Paid Bandits 52 gold","floor":22,"damage_taken":0},{"event_name":"Forgotten Altar","player_choice":"Smashed Altar","floor":24,"damage_taken":0}],"is_beta":false,"boss_relics":[{"not_picked":["Runic Dome","Calling Bell"],"picked":"Tiny House"}],"items_purged_floors":[20],"is_endless":false,"potions_floor_spawned":[3,4,14,19,29],"killed_by":"Collector","ascension_level":14}