{"gold_per_floor":[114,125,141,391,102,102,131,131,131,165,181,194,227,227,227,305,305,317,331,342,342,432,432,465,476,476,476,173,203,213,113,113,184,184,196,207,207,223,223,223,240,240],"floor_reached":42,"playtime":2905,"items_purged":["Regret","Juggernaut","Strike_R"],"score":821,"play_id":"3e04f778-658c-4ad7-8bd9-b7b3a0a454e1","local_time":"20180801231725","is_ascension_mode":true,"campfire_choices":[{"data":"Bash","floor":6,"key":"SMITH"},{"data":"Immolate","floor":8,"key":"SMITH"},{"data":"Uppercut","floor":15,"key":"SMITH"},{"floor":23,"key":"REST"},{"data":"True Grit","floor":32,"key":"SMITH"},{"data":"Shockwave","floor":40,"key":"SMITH"}],"neow_cost":"NONE","seed_source_timestamp":1255379515649207,"circlet_count":0,"master_deck":["Strike_R","Strike_R","Strike_R","Defend_R","Defend_R","Defend_R","Defend_R","Bash+1","AscendersBane","Headbutt","Havoc","Flex","Reaper","Immolate+1","Offering","Uppercut+1","Armaments","Demon Form+1","True Grit+1","True Grit+1","Shrug It Off","Evolve+1","Shockwave+1","Fiend Fire","Feed","Writhe","Disarm"],"relics":["Black Blood","Matryoshka","Gremlin Horn","Frozen Egg 2","Charon\u0027s Ashes","The Courier","Mark of Pain","Ornamental Fan","Bronze Scales","Pantograph","Oddly Smooth Stone","Letter Opener"],"potions_floor_usage":[10,12,24,25,33,33],"damage_taken":[{"damage":15,"enemies":"Small Slimes","floor":1,"turns":4},{"damage":1,"enemies":"Cultist","floor":2,"turns":3},{"damage":7,"enemies":"2 Louse","floor":3,"turns":3},{"damage":40,"enemies":"Gremlin Nob","floor":7,"turns":5},{"damage":16,"enemies":"3 Sentries","floor":10,"turns":4},{"damage":5,"enemies":"Large Slime","floor":11,"turns":2},{"damage":0,"enemies":"Red Slaver","floor":12,"turns":1},{"damage":18,"enemies":"Gremlin Nob","floor":13,"turns":3},{"damage":22,"enemies":"Slime Boss","floor":16,"turns":9},{"damage":18,"enemies":"Shell Parasite","floor":18,"turns":3},{"damage":17,"enemies":"3 Byrds","floor":19,"turns":2},{"damage":26,"enemies":"Centurion and Healer","floor":20,"turns":5},{"damage":58,"enemies":"Book of Stabbing","floor":24,"turns":7},{"damage":14,"enemies":"Chosen and Byrds","floor":25,"turns":3},{"damage":5,"enemies":"Gremlin Leader","floor":29,"turns":5},{"damage":20,"enemies":"Snake Plant","floor":30,"turns":4},{"damage":65,"enemies":"Automaton","floor":33,"turns":8},{"damage":55,"enemies":"Flame Bruiser 1 Orb","floor":35,"turns":5},{"damage":5,"enemies":"3 Shapes","floor":36,"turns":3},{"damage":32,"enemies":"Sphere and 2 Shapes","floor":38,"turns":3},{"damage":66,"enemies":"Spire Growth","floor":41,"turns":6},{"damage":24,"enemies":"Nemesis","floor":42,"turns":3}],"seed_played":"4881104603840227709","potions_obtained":[{"floor":3,"key":"AttackPotion"},{"floor":12,"key":"Dexterity Potion"},{"floor":16,"key":"Poison Potion"},{"floor":20,"key":"Regen Potion"},{"floor":24,"key":"EssenceOfSteel"},{"floor":36,"key":"FearPotion"}],"is_trial":false,"path_per_floor":["M","M","M","?","$","R","E","R","T","E","M","M","E","?","R","B",null,"M","M","M","?","?","R","E","M","T","?","$","E","M","$","R","B",null,"M","M","?","M","?","R","M"],"character_chosen":"IRONCLAD","items_purchased":["Reaper","Regen Potion","Oddly Smooth Stone","Dexterity Potion","Evolve+1"],"campfire_rested":1,"item_purchase_floors":[5,5,28,28,28],"current_hp_per_floor":[59,64,63,63,63,63,33,33,33,47,57,63,57,62,62,52,73,61,56,46,46,30,54,23,24,24,24,24,63,49,49,49,48,72,52,57,57,47,67,67,20,0],"gold":240,"neow_bonus":"ONE_RANDOM_RARE_CARD","is_prod":false,"is_daily":false,"chose_seed":false,"campfire_upgraded":5,"win_rate":0,"timestamp":1533161845,"path_taken":["M","M","M","?","$","R","E","R","T","E","M","M","E","?","R","BOSS","M","M","M","?","?","R","E","M","T","?","?","E","M","$","R","BOSS","M","M","?","?","?","R","M","E"],"build_version":"2018-07-26","purchased_purges":3,"victory":false,"max_hp_per_floor":[75,75,75,75,75,75,75,75,75,75,75,75,75,80,80,80,80,80,80,80,80,80,80,80,80,80,80,80,80,80,80,80,80,80,80,80,80,80,80,80,80,80],"card_choices":[{"not_picked":["Pommel Strike","Heavy Blade"],"picked":"Headbutt","floor":1},{"not_picked":["Heavy Blade","Warcry"],"picked":"Havoc","floor":2},{"not_picked":["Combust","Sword Boomerang"],"picked":"Flex","floor":3},{"not_picked":["Rage","Headbutt"],"picked":"Immolate","floor":7},{"not_picked":["Perfected Strike","Sword Boomerang"],"picked":"Offering","floor":10},{"not_picked":["Twin Strike","Headbutt","Corruption+1"],"picked":"SKIP","floor":11},{"not_picked":["Cleave","Entrench"],"picked":"Uppercut","floor":12},{"not_picked":["Clothesline","Heavy Blade"],"picked":"Armaments","floor":13},{"not_picked":["Fiend Fire","Exhume"],"picked":"Demon Form+1","floor":16},{"not_picked":["Dual Wield","Blood for Blood"],"picked":"True Grit","floor":18},{"not_picked":["Iron Wave","Rage"],"picked":"True Grit","floor":19},{"not_picked":["Warcry","Carnage"],"picked":"Shrug It Off","floor":20},{"not_picked":["Wild Strike","Clothesline","Clash"],"picked":"SKIP","floor":24},{"not_picked":["Headbutt","Clash","Seeing Red"],"picked":"SKIP","floor":25},{"not_picked":["Immolate","Brutality+1","Whirlwind"],"picked":"SKIP","floor":29},{"not_picked":["Clash","Pommel Strike"],"picked":"Shockwave","floor":30},{"not_picked":["Impervious","Berserk+1"],"picked":"Fiend Fire","floor":33},{"not_picked":["True Grit","Anger","Perfected Strike"],"picked":"SKIP","floor":35},{"not_picked":["Iron Wave","Heavy Blade+1","Intimidate+1"],"picked":"SKIP","floor":36},{"not_picked":["Sword Boomerang+1","Shrug It Off"],"picked":"Feed","floor":38},{"not_picked":["Inflame+1","Body Slam"],"picked":"Disarm","floor":41}],"player_experience":567527,"relics_obtained":[{"floor":7,"key":"Matryoshka"},{"floor":9,"key":"Gremlin Horn"},{"floor":9,"key":"Frozen Egg 2"},{"floor":10,"key":"Charon\u0027s Ashes"},{"floor":13,"key":"The Courier"},{"floor":24,"key":"Ornamental Fan"},{"floor":26,"key":"Bronze Scales"},{"floor":26,"key":"Pantograph"},{"floor":29,"key":"Letter Opener"}],"event_choices":[{"event_name":"Golden Shrine","player_choice":"Desecrate","floor":4,"damage_taken":0},{"event_name":"Big Fish","player_choice":"Donut","floor":14,"damage_taken":0},{"event_name":"Upgrade Shrine","player_choice":"Upgraded","floor":21,"damage_taken":0},{"event_name":"Knowing Skull","player_choice":"GOLD ","floor":22,"damage_taken":0},{"event_name":"Ghosts","player_choice":"Ignored","floor":27,"damage_taken":0},{"event_name":"Falling","player_choice":"Removed Attack","floor":37,"damage_taken":0},{"event_name":"Winding Halls","player_choice":"Writhe","floor":39,"damage_taken":0}],"is_beta":false,"boss_relics":[{"not_picked":["Eternal Feather","Runic Cube"],"picked":"Mark of Pain"},{"not_picked":["White Beast Statue","Orrery"],"picked":"Black Blood"}],"items_purged_floors":[5,28,31],"is_endless":false,"potions_floor_spawned":[3,7,12,16,19,20,24,30,36],"killed_by":"Nemesis","ascension_level":14}