{"gold_per_floor":[114,134,81,231,247,278,278,309,334,11,11,41,116,133,133,209,209,227,20,38,58,72,72,105,105,105,120,56,68,97,121,133,217,229,251,263,275,287,317,329,374,386,398,426,438,461,473,87,87,87],"floor_reached":51,"playtime":2907,"items_purged":["Doubt","Strike_R"],"score":1351,"play_id":"6624c013-7701-45ea-9e62-0bcfd3398652","local_time":"20180804120141","is_ascension_mode":true,"campfire_choices":[{"data":"Armaments","floor":7.0,"key":"SMITH"},{"data":"Bash","floor":11.0,"key":"SMITH"},{"data":"Infernal Blade","floor":15.0,"key":"SMITH"},{"floor":23,"key":"REST"},{"floor":29,"key":"REST"},{"floor":32,"key":"REST"},{"data":"Limit Break","floor":40,"key":"SMITH"},{"data":"Flex","floor":42,"key":"SMITH"},{"data":"Disarm","floor":45,"key":"SMITH"},{"data":"Armaments","floor":47,"key":"SMITH"},{"floor":49,"key":"REST"}],"neow_cost":"NONE","seed_source_timestamp":0,"circlet_count":0,"master_deck":["Strike_R","Strike_R","Strike_R","Defend_R","Defend_R","Defend_R","Defend_R","Bash+1","AscendersBane","Armaments+1","Pommel Strike","Shrug It Off","Clothesline","Armaments+1","Feed","Infernal Blade+1","Cleave","Offering","Flex+1","Whirlwind+1","Shockwave+1","Rampage+1","Limit Break+1","Heavy Blade","Disarm+1","Shrug It Off"],"special_seed":0,"relics":["Burning Blood","NeowsBlessing","Omamori","Vajra","Blood Vial","Lee\u0027s Waffle","Torii","Velvet Choker","Sling","Paper Frog","Incense Burner","MawBank","Calling Bell","Champion Belt","Dodecahedron","Lantern","Du-Vu Doll","Pear","Bag of Marbles"],"potions_floor_usage":[22,24,33,50,50],"damage_taken":[{"damage":0.0,"enemies":"Cultist","floor":1.0,"turns":1.0},{"damage":0.0,"enemies":"2 Louse","floor":2.0,"turns":1.0},{"damage":0.0,"enemies":"Small Slimes","floor":5.0,"turns":1.0},{"damage":28.0,"enemies":"3 Sentries","floor":6.0,"turns":13.0},{"damage":44.0,"enemies":"Gremlin Nob","floor":8.0,"turns":5.0},{"damage":24.0,"enemies":"3 Sentries","floor":12.0,"turns":10.0},{"damage":9.0,"enemies":"Blue Slaver","floor":14.0,"turns":3.0},{"damage":39.0,"enemies":"Slime Boss","floor":16.0,"turns":11.0},{"damage":6,"enemies":"Shell Parasite","floor":18,"turns":5},{"damage":16,"enemies":"2 Thieves","floor":20,"turns":4},{"damage":35,"enemies":"Cultist and Chosen","floor":21,"turns":5},{"damage":29,"enemies":"Slaver and Parasite","floor":22,"turns":6},{"damage":30,"enemies":"Slavers","floor":24,"turns":4},{"damage":18,"enemies":"Snake Plant","floor":27,"turns":4},{"damage":12,"enemies":"Centurion and Healer","floor":30,"turns":4},{"damage":0,"enemies":"3 Cultists","floor":31,"turns":3},{"damage":84,"enemies":"Collector","floor":33,"turns":10},{"damage":8,"enemies":"3 Shapes","floor":35,"turns":5},{"damage":13,"enemies":"Orb Walker","floor":39,"turns":3},{"damage":5,"enemies":"2 Orb Walkers","floor":41,"turns":2},{"damage":14,"enemies":"Transient","floor":44,"turns":5},{"damage":27,"enemies":"Sphere and 2 Shapes","floor":46,"turns":5},{"damage":18,"enemies":"Time Eater","floor":50,"turns":10}],"seed_played":"-638158930822130377","potions_obtained":[{"floor":2.0,"key":"Weak Potion"},{"floor":5.0,"key":"EntropicBrew"},{"floor":18,"key":"Strength Potion"},{"floor":21,"key":"PowerPotion"},{"floor":27,"key":"Dexterity Potion"},{"floor":39,"key":"GamblersBrew"}],"is_trial":false,"path_per_floor":["M","M","$","?","M","E","R","E","T","$","R","E","?","M","R","B",null,"M","$","M","M","M","R","E","?","T","M","?","R","M","M","R","B",null,"M","?","$","?","M","R","E","R","T","M","R","M","R","$","R","B"],"character_chosen":"IRONCLAD","items_purchased":["Shrug It Off","Lee\u0027s Waffle","Dexterity Potion","Sling","SteroidPotion","Block Potion","Shrug It Off","Bag of Marbles"],"campfire_rested":4,"item_purchase_floors":[3,10,10,19,48,48,48,48],"current_hp_per_floor":[74,75,75,75,75,53,53,15,15,82,82,67,56,58,58,27,73,78,78,70,46,29,58,39,39,39,32,32,63,59,67,98,25,87,90,90,90,90,85,85,88,88,98,92,92,76,76,76,112,102],"gold":87,"neow_bonus":"THREE_ENEMY_KILL","is_prod":false,"is_daily":false,"chose_seed":false,"campfire_upgraded":7,"win_rate":0,"timestamp":1533380501,"path_taken":["M","?","?","?","M","E","R","E","T","$","R","E","?","M","R","BOSS","M","$","M","M","M","R","E","?","T","?","?","R","M","M","R","BOSS","M","?","?","?","?","R","E","R","T","M","R","M","R","$","R","BOSS"],"build_version":"2018-08-02","purchased_purges":2,"victory":true,"max_hp_per_floor":[75,75,75,75,75,75,75,75,75,82,82,85,85,88,88,88,88,91,91,91,94,98,98,101,101,101,104,104,104,104,104,104,107,107,110,110,110,110,110,110,110,110,120,120,120,123,123,123,123,123],"card_choices":[{"not_picked":["Dropkick","Anger"],"picked":"Armaments","floor":1.0},{"not_picked":["Reckless Charge","Bloodletting"],"picked":"Pommel Strike","floor":2.0},{"not_picked":["Perfected Strike","Reckless Charge"],"picked":"Clothesline","floor":5.0},{"not_picked":["Body Slam","Iron Wave"],"picked":"Armaments","floor":6.0},{"not_picked":["Combust","Heavy Blade"],"picked":"Feed","floor":8.0},{"not_picked":["Sword Boomerang","Sentinel"],"picked":"Infernal Blade","floor":12.0},{"not_picked":["Fire Breathing","Body Slam"],"picked":"Cleave","floor":14.0},{"not_picked":["Feed","Brutality"],"picked":"Offering","floor":16.0},{"not_picked":["Body Slam","Fire Breathing"],"picked":"Flex","floor":18},{"not_picked":["Spot Weakness+1","Rampage"],"picked":"Whirlwind+1","floor":20},{"not_picked":["Havoc","Flex","Clash"],"picked":"SKIP","floor":21},{"not_picked":["Havoc","Sever Soul+1","Sword Boomerang"],"picked":"SKIP","floor":22},{"not_picked":["True Grit","Seeing Red"],"picked":"Shockwave","floor":24},{"not_picked":["Sword Boomerang","Pommel Strike","Cleave"],"picked":"SKIP","floor":27},{"not_picked":["Rupture","Headbutt","Pommel Strike"],"picked":"SKIP","floor":30},{"not_picked":["Flex","Armaments"],"picked":"Rampage+1","floor":31},{"not_picked":["Barricade","Double Tap"],"picked":"Limit Break","floor":33},{"not_picked":["Iron Wave","Anger","Clash"],"picked":"SKIP","floor":35},{"not_picked":["Burning Pact","Cleave+1"],"picked":"Heavy Blade","floor":39},{"not_picked":["Perfected Strike","Havoc+1","Seeing Red"],"picked":"SKIP","floor":41},{"not_picked":["Rage","Body Slam"],"picked":"Disarm","floor":44},{"not_picked":["Rage+1","Hemokinesis","Cleave+1"],"picked":"SKIP","floor":46}],"player_experience":596750,"relics_obtained":[{"floor":6.0,"key":"Omamori"},{"floor":8.0,"key":"Vajra"},{"floor":9.0,"key":"Blood Vial"},{"floor":12.0,"key":"Torii"},{"floor":24,"key":"Paper Frog"},{"floor":26,"key":"Incense Burner"},{"floor":34,"key":"Champion Belt"},{"floor":34,"key":"Dodecahedron"},{"floor":34,"key":"Lantern"},{"floor":41,"key":"Du-Vu Doll"},{"floor":43,"key":"Pear"}],"event_choices":[{"event_name":"Liars Game","player_choice":"agreed","floor":4.0,"damage_taken":0.0},{"event_name":"World of Goop","player_choice":"Gather Gold","floor":13.0,"damage_taken":0.0},{"event_name":"Upgrade Shrine","player_choice":"Upgraded","floor":25,"damage_taken":0},{"event_name":"WeMeetAgain","player_choice":"Gold","floor":28,"damage_taken":0},{"event_name":"Purifier","player_choice":"One Purge","floor":36,"damage_taken":0},{"event_name":"Bonfire Elementals","player_choice":"BASIC","floor":38,"damage_taken":0}],"is_beta":false,"boss_relics":[{"not_picked":["Black Blood","Runic Dome"],"picked":"Velvet Choker"},{"not_picked":["Orrery","Philosopher\u0027s Stone"],"picked":"Calling Bell"}],"items_purged_floors":[10,48],"is_endless":false,"potions_floor_spawned":[2,5,12,18,21,27,39],"ascension_level":15}