{"gold_per_floor":[119,119,139,139,151,185,70,70,116,132,157,157,157,182,194,279,291,314,376,388,53,64,64,78,78,78,113,127,127],"floor_reached":29,"playtime":2187,"items_purged":["Strike_R","Strike_R"],"score":457,"play_id":"6083639d-0132-4fae-983f-a2595e352478","local_time":"20190104004256","is_ascension_mode":true,"campfire_choices":[{"data":"Rampage","floor":8,"key":"SMITH"},{"data":"Flame Barrier","floor":13,"key":"SMITH"},{"data":"Whirlwind","floor":15,"key":"SMITH"},{"data":"Inflame","floor":23,"key":"SMITH"},{"data":"Limit Break","floor":25,"key":"SMITH"}],"neow_cost":"NONE","seed_source_timestamp":394894988400868,"circlet_count":0,"master_deck":["AscendersBane","Strike_R","Strike_R","Defend_R","Defend_R","Defend_R","Defend_R","Bash+1","Pommel Strike","Flame Barrier+1","Wild Strike","Battle Trance","Rampage+1","Inflame+1","Whirlwind+1","Limit Break+1","Metallicize","Clothesline","Shrug It Off","Disarm+1","Headbutt","Flame Barrier"],"relics":["Burning Blood","Boot","Pear","Art of War","Blue Candle","Dodecahedron","MawBank","Velvet Choker","Anchor","Bottled Tornado","Smiling Mask"],"potions_floor_usage":[6,10,16,27,27],"damage_taken":[{"damage":4,"enemies":"Small Slimes","floor":1,"turns":4},{"damage":7,"enemies":"Jaw Worm","floor":3,"turns":3},{"damage":0,"enemies":"2 Louse","floor":5,"turns":4},{"damage":27,"enemies":"Lagavulin","floor":6,"turns":9},{"damage":5,"enemies":"Gremlin Gang","floor":10,"turns":4},{"damage":40,"enemies":"3 Sentries","floor":11,"turns":11},{"damage":10,"enemies":"Lagavulin","floor":14,"turns":7},{"damage":32,"enemies":"Slime Boss","floor":16,"turns":13},{"damage":19,"enemies":"Shell Parasite","floor":18,"turns":4},{"damage":0,"enemies":"Chosen","floor":22,"turns":3},{"damage":9,"enemies":"Snake Plant","floor":24,"turns":5},{"damage":36,"enemies":"Slavers","floor":27,"turns":5},{"damage":35,"enemies":"Shelled Parasite and Fungi","floor":28,"turns":4},{"damage":7,"enemies":"Snecko","floor":29,"turns":3}],"seed_played":"-7553452552721769029","potions_obtained":[{"floor":3,"key":"Fire Potion"},{"floor":5,"key":"Regen Potion"},{"floor":14,"key":"Regen Potion"},{"floor":18,"key":"Poison Potion"}],"is_trial":false,"path_per_floor":["M","?","M","?","M","E","$","R","T","M","E","T","R","E","R","B",null,"M","?","?","$","M","R","M","R","T","E","M","M"],"character_chosen":"IRONCLAD","items_purchased":["Rampage","Fire Potion","Shrug It Off","Anchor"],"campfire_rested":0,"item_purchase_floors":[7,21,21,21],"current_hp_per_floor":[77,66,65,65,71,74,74,74,74,75,41,41,41,37,37,26,76,63,63,63,63,69,69,66,66,66,36,7,0],"gold":127,"neow_bonus":"TEN_PERCENT_HP_BONUS","is_prod":false,"is_daily":false,"chose_seed":false,"campfire_upgraded":5,"win_rate":0,"timestamp":1546562576,"path_taken":["M","?","M","?","M","E","$","R","T","M","E","?","R","E","R","BOSS","M","?","?","$","M","R","M","R","T","E","?","?"],"build_version":"2018-12-20","purchased_purges":2,"victory":false,"max_hp_per_floor":[82,82,82,82,82,92,92,92,92,92,92,92,92,92,92,92,92,92,92,92,92,92,92,92,92,92,92,92,92],"card_choices":[{"not_picked":["Havoc","Iron Wave"],"picked":"Pommel Strike","floor":1},{"not_picked":["Seeing Red","Iron Wave"],"picked":"Flame Barrier","floor":3},{"not_picked":["Iron Wave","Rupture"],"picked":"Wild Strike","floor":5},{"not_picked":["Twin Strike","Pommel Strike"],"picked":"Battle Trance","floor":6},{"not_picked":["Heavy Blade","Burning Pact","Clash"],"picked":"SKIP","floor":10},{"not_picked":["Sever Soul","Clash"],"picked":"Inflame","floor":11},{"not_picked":["Juggernaut","Anger"],"picked":"Whirlwind","floor":14},{"not_picked":["Double Tap","Juggernaut"],"picked":"Limit Break","floor":16},{"not_picked":["Iron Wave","Sword Boomerang"],"picked":"Metallicize","floor":18},{"not_picked":["Body Slam","Feel No Pain"],"picked":"Disarm+1","floor":22},{"not_picked":["Clothesline","Anger"],"picked":"Headbutt","floor":24},{"not_picked":["Twin Strike+1","Combust","Clothesline+1"],"picked":"SKIP","floor":27},{"not_picked":["Feel No Pain","Limit Break"],"picked":"Flame Barrier","floor":28}],"player_experience":650974,"relics_obtained":[{"floor":6,"key":"Pear"},{"floor":9,"key":"Art of War"},{"floor":11,"key":"Blue Candle"},{"floor":12,"key":"Dodecahedron"},{"floor":14,"key":"MawBank"},{"floor":26,"key":"Bottled Tornado"},{"floor":27,"key":"Smiling Mask"}],"event_choices":[{"damage_healed":0,"gold_gain":0,"player_choice":"Success","damage_taken":11,"relics_obtained":["Boot"],"max_hp_gain":0,"max_hp_loss":0,"event_name":"Scrap Ooze","floor":2,"gold_loss":0},{"damage_healed":0,"gold_gain":0,"player_choice":"Grow","damage_taken":0,"max_hp_gain":0,"max_hp_loss":0,"event_name":"Living Wall","floor":4,"gold_loss":0,"cards_upgraded":["Bash"]},{"damage_healed":0,"gold_gain":50,"player_choice":"Stole From Cult","damage_taken":0,"max_hp_gain":0,"max_hp_loss":0,"event_name":"Nest","floor":19,"gold_loss":0},{"damage_healed":0,"gold_gain":0,"cards_transformed":["Strike_R"],"player_choice":"Transformed","damage_taken":0,"max_hp_gain":0,"max_hp_loss":0,"event_name":"Transmorgrifier","floor":20,"gold_loss":0,"cards_obtained":["Clothesline"]}],"is_beta":false,"boss_relics":[{"not_picked":["Empty Cage","Ectoplasm"],"picked":"Velvet Choker"}],"items_purged_floors":[7,21],"is_endless":false,"potions_floor_spawned":[3,5,14,18],"killed_by":"Snecko","ascension_level":15}