{"gold_per_floor":[114,133,133,133,154,197,197,210,259,259],"floor_reached":10,"playtime":483,"items_purged":[],"score":126,"play_id":"c2057e05-d9ec-46ce-92a5-c50e1cf73236","local_time":"20190105171333","is_ascension_mode":true,"campfire_choices":[{"data":"Rampage","floor":7,"key":"SMITH"}],"neow_cost":"NONE","seed_source_timestamp":542438403552458,"circlet_count":0,"master_deck":["AscendersBane","Strike_R","Strike_R","Strike_R","Strike_R","Defend_R","Defend_R","Defend_R","Defend_R","Bash+1","Rampage+1","True Grit","Sword Boomerang","Twin Strike","Armaments"],"relics":["Burning Blood","Golden Idol","The Courier","Bag of Preparation"],"potions_floor_usage":[6,6],"damage_taken":[{"damage":4,"enemies":"Jaw Worm","floor":1,"turns":6},{"damage":1,"enemies":"Cultist","floor":2,"turns":3},{"damage":5,"enemies":"Small Slimes","floor":5,"turns":3},{"damage":18,"enemies":"Lagavulin","floor":6,"turns":5},{"damage":7,"enemies":"Looter","floor":8,"turns":3},{"damage":46,"enemies":"Exordium Wildlife","floor":10,"turns":3}],"seed_played":"3863861426693950625","potions_obtained":[{"floor":2,"key":"PowerPotion"},{"floor":6,"key":"Fruit Juice"}],"is_trial":false,"path_per_floor":["M","M","?","?","M","E","R","M","T","M"],"character_chosen":"IRONCLAD","items_purchased":[],"campfire_rested":0,"item_purchase_floors":[],"current_hp_per_floor":[70,75,49,49,50,43,43,42,42,0],"gold":259,"neow_bonus":"UPGRADE_CARD","is_prod":false,"is_daily":false,"chose_seed":false,"campfire_upgraded":1,"win_rate":0,"timestamp":1546708413,"path_taken":["M","M","?","?","M","E","R","M","T","?"],"build_version":"2019-01-03v4","purchased_purges":0,"victory":false,"max_hp_per_floor":[75,75,75,75,75,80,80,80,80,80],"card_choices":[{"not_picked":["Armaments","Headbutt"],"picked":"Rampage","floor":1},{"not_picked":["Dual Wield","Flex"],"picked":"True Grit","floor":2},{"not_picked":["Dual Wield","Anger"],"picked":"Twin Strike","floor":5},{"not_picked":["Flex","Bludgeon","Wild Strike"],"picked":"SKIP","floor":6},{"not_picked":["Wild Strike","Sword Boomerang"],"picked":"Armaments","floor":8}],"player_experience":702831,"relics_obtained":[{"floor":6,"key":"The Courier"},{"floor":9,"key":"Bag of Preparation"}],"event_choices":[{"damage_healed":0,"gold_gain":0,"player_choice":"Take Damage","damage_taken":26,"relics_obtained":["Golden Idol"],"max_hp_gain":0,"max_hp_loss":0,"event_name":"Golden Idol","floor":3,"gold_loss":0},{"damage_healed":0,"gold_gain":0,"cards_transformed":["Strike_R"],"player_choice":"Transformed","damage_taken":0,"max_hp_gain":0,"max_hp_loss":0,"event_name":"Transmorgrifier","floor":4,"gold_loss":0,"cards_obtained":["Sword Boomerang"]}],"is_beta":false,"boss_relics":[],"items_purged_floors":[],"is_endless":false,"potions_floor_spawned":[2,6],"killed_by":"Exordium Wildlife","ascension_level":17}