{"gold_per_floor":[113,46,66,85,36,36,48,78,105,105,119,134,150,207,207,305,305,325,339,84,96,115,115,130,161,161,161,161,173,98,108,108,209,209,223,623,677,600,610,610,710,710,762,780,799,799,1,11,11,11],"floor_reached":51,"playtime":1454,"items_purged":["Doubt","Pain"],"score":798,"play_id":"ec85225a-a641-409c-b51a-62ee118a3dc4","local_time":"20190209091457","is_ascension_mode":false,"campfire_choices":[{"data":"Disarm","floor":6,"key":"SMITH"},{"data":"Heavy Blade","floor":15,"key":"SMITH"},{"data":"Disarm","floor":23,"key":"SMITH"},{"floor":28,"key":"REST"},{"floor":32,"key":"REST"},{"floor":40,"key":"REST"},{"floor":42,"key":"REST"},{"floor":46,"key":"REST"},{"floor":49,"key":"REST"}],"neow_cost":"NONE","seed_source_timestamp":655462540207279,"circlet_count":0,"master_deck":["Strike_R","Strike_R","Strike_R","Strike_R","Strike_R","Defend_R","Defend_R+1","Defend_R","Defend_R+1","Bash","Twin Strike","Spot Weakness+1","Shockwave","Disarm+1","Twin Strike","Shrug It Off","Heavy Blade+1","Uppercut","Disarm+1","Offering","Rampage+1","Immolate","Shrug It Off","Spot Weakness+1","Cleave+1","Disarm","Disarm"],"relics":["Burning Blood","Centennial Puzzle","Potion Belt","Oddly Smooth Stone","Red Skull","Cursed Key","Shuriken","Orichalcum","Paper Frog","Mark of Pain","Old Coin","Ginger","War Paint","Ornamental Fan","Brimstone","Pantograph"],"potions_floor_usage":[8,24,33,33,33,50,50,50],"damage_taken":[{"damage":6,"enemies":"Cultist","floor":1,"turns":3},{"damage":6,"enemies":"Jaw Worm","floor":3,"turns":3},{"damage":0,"enemies":"Small Slimes","floor":4,"turns":3},{"damage":13,"enemies":"2 Fungi Beasts","floor":7,"turns":4},{"damage":28,"enemies":"Gremlin Nob","floor":8,"turns":4},{"damage":14,"enemies":"Large Slime","floor":11,"turns":4},{"damage":4,"enemies":"Looter","floor":12,"turns":2},{"damage":0,"enemies":"2 Fungi Beasts","floor":13,"turns":3},{"damage":22,"enemies":"Lagavulin Event","floor":14,"turns":4},{"damage":4,"enemies":"Hexaghost","floor":16,"turns":6},{"damage":18,"enemies":"3 Byrds","floor":18,"turns":5},{"damage":0,"enemies":"Shell Parasite","floor":19,"turns":5},{"damage":16,"enemies":"Centurion and Healer","floor":21,"turns":4},{"damage":14,"enemies":"3 Cultists","floor":22,"turns":4},{"damage":17,"enemies":"Cultist and Chosen","floor":24,"turns":6},{"damage":11,"enemies":"Gremlin Leader","floor":25,"turns":7},{"damage":23,"enemies":"Shelled Parasite and Fungi","floor":29,"turns":4},{"damage":7,"enemies":"Sentry and Sphere","floor":31,"turns":3},{"damage":6,"enemies":"Champ","floor":33,"turns":7},{"damage":19,"enemies":"3 Darklings","floor":35,"turns":3},{"damage":15,"enemies":"Mind Bloom Boss Battle","floor":36,"turns":4},{"damage":36,"enemies":"2 Orb Walkers","floor":37,"turns":4},{"damage":11,"enemies":"3 Shapes","floor":39,"turns":4},{"damage":22,"enemies":"Transient","floor":44,"turns":5},{"damage":22,"enemies":"4 Shapes","floor":45,"turns":3},{"damage":11,"enemies":"Writhing Mass","floor":48,"turns":3},{"damage":33,"enemies":"Time Eater","floor":50,"turns":6}],"seed_played":"7812803813279957651","potions_obtained":[{"floor":3,"key":"Strength Potion"},{"floor":4,"key":"Fire Potion"},{"floor":8,"key":"EssenceOfSteel"},{"floor":16,"key":"Dexterity Potion"},{"floor":19,"key":"Regen Potion"},{"floor":22,"key":"EssenceOfSteel"},{"floor":24,"key":"Block Potion"},{"floor":37,"key":"SpeedPotion"},{"floor":44,"key":"Fire Potion"},{"floor":48,"key":"GamblersBrew"}],"is_trial":false,"path_per_floor":["M","$","M","M","$","R","M","E","T","?","M","M","M","?","R","B",null,"M","M","$","M","M","R","M","E","T","?","R","M","$","M","R","B",null,"M","?","?","$","M","R","?","R","T","M","M","R","$","M","R","B",null],"character_chosen":"IRONCLAD","items_purchased":["Spot Weakness","Twin Strike","Shuriken","Disarm","Ornamental Fan","Brimstone","Pantograph"],"campfire_rested":6,"item_purchase_floors":[2,5,20,38,47,47,47],"current_hp_per_floor":[80,80,80,80,80,80,73,51,51,51,43,45,51,35,35,37,80,68,74,74,64,56,56,59,54,54,39,64,47,47,46,71,71,85,72,63,33,33,28,53,53,78,78,62,46,71,71,66,85,58],"gold":11,"neow_bonus":"RANDOM_COMMON_RELIC","is_prod":false,"is_daily":false,"chose_seed":false,"campfire_upgraded":3,"win_rate":0,"timestamp":1549703697,"path_taken":["M","$","M","?","$","R","M","E","T","?","M","M","?","?","R","BOSS","M","M","$","M","M","R","M","E","T","?","R","M","$","M","R","BOSS","M","?","?","$","M","R","?","R","T","M","?","R","$","M","R","BOSS"],"build_version":"2019-01-23","purchased_purges":2,"victory":true,"max_hp_per_floor":[80,80,80,80,80,80,80,80,80,80,80,80,80,80,80,80,80,80,80,80,80,80,80,80,80,80,85,85,85,85,85,85,85,85,85,85,85,85,85,85,85,85,85,85,85,85,85,85,85,85],"card_choices":[{"not_picked":["Warcry","Hemokinesis"],"picked":"Twin Strike","floor":1},{"not_picked":["Searing Blow","Battle Trance"],"picked":"Shockwave","floor":3},{"not_picked":["Ghostly Armor","Bloodletting"],"picked":"Disarm","floor":4},{"not_picked":["Twin Strike","Wild Strike"],"picked":"Shrug It Off","floor":7},{"not_picked":["Rage","Havoc"],"picked":"Heavy Blade","floor":8},{"not_picked":["Warcry","Feel No Pain"],"picked":"Uppercut","floor":11},{"not_picked":["Anger","Entrench","Flex"],"picked":"SKIP","floor":12},{"not_picked":["Cleave","Anger","Feel No Pain"],"picked":"SKIP","floor":13},{"not_picked":["True Grit","Havoc"],"picked":"Disarm","floor":14},{"not_picked":["Barricade","Demon Form"],"picked":"Offering","floor":16},{"not_picked":["Sever Soul","Clothesline","Thunderclap"],"picked":"SKIP","floor":18},{"not_picked":["Rage","Anger"],"picked":"Rampage+1","floor":19},{"not_picked":["Blood for Blood+1","Havoc","Sword Boomerang"],"picked":"SKIP","floor":21},{"not_picked":["Perfected Strike","Anger","Bloodletting"],"picked":"SKIP","floor":22},{"not_picked":["Wild Strike+1","Reckless Charge+1"],"picked":"Immolate","floor":24},{"not_picked":["Cleave","Ghostly Armor","Rampage"],"picked":"SKIP","floor":25},{"not_picked":["Havoc","Evolve"],"picked":"Shrug It Off","floor":29},{"not_picked":["Flex","Body Slam","Blood for Blood"],"picked":"SKIP","floor":31},{"not_picked":["Pummel","Dropkick+1"],"picked":"Spot Weakness+1","floor":35},{"not_picked":["Body Slam+1","Armaments+1"],"picked":"Cleave+1","floor":36},{"not_picked":["Iron Wave+1","Uppercut+1","Shrug It Off"],"picked":"SKIP","floor":39},{"not_picked":["Anger+1","Corruption+1"],"picked":"Disarm","floor":44},{"not_picked":["Armaments+1","Uppercut","Searing Blow+1"],"picked":"SKIP","floor":45},{"not_picked":["Warcry+1","Sword Boomerang","Wild Strike"],"picked":"SKIP","floor":48}],"player_experience":1110962,"relics_obtained":[{"floor":8,"key":"Potion Belt"},{"floor":9,"key":"Oddly Smooth Stone"},{"floor":14,"key":"Red Skull"},{"floor":25,"key":"Orichalcum"},{"floor":26,"key":"Paper Frog"},{"floor":36,"key":"Old Coin"},{"floor":37,"key":"Ginger"},{"floor":43,"key":"War Paint"}],"event_choices":[{"damage_healed":0,"gold_gain":0,"player_choice":"Upgraded","damage_taken":0,"max_hp_gain":0,"max_hp_loss":0,"event_name":"Upgrade Shrine","floor":10,"gold_loss":0,"cards_upgraded":["Spot Weakness"]},{"damage_healed":0,"gold_gain":0,"player_choice":"Searched \u00271\u0027 times","damage_taken":0,"max_hp_gain":0,"max_hp_loss":0,"event_name":"Dead Adventurer","floor":14,"gold_loss":0},{"damage_healed":0,"gold_gain":0,"player_choice":"Shed Blood","damage_taken":20,"max_hp_gain":5,"max_hp_loss":0,"event_name":"Forgotten Altar","floor":27,"gold_loss":0},{"damage_healed":0,"gold_gain":0,"player_choice":"Fight","damage_taken":0,"max_hp_gain":0,"max_hp_loss":0,"event_name":"MindBloom","floor":36,"gold_loss":0},{"damage_healed":0,"gold_gain":0,"player_choice":"Fight","damage_taken":0,"max_hp_gain":0,"max_hp_loss":0,"event_name":"Mysterious Sphere","floor":37,"gold_loss":0},{"damage_healed":0,"gold_gain":100,"player_choice":"Pray","damage_taken":0,"max_hp_gain":0,"max_hp_loss":0,"event_name":"Golden Shrine","floor":41,"gold_loss":0}],"is_beta":false,"boss_relics":[{"not_picked":["Runic Dome","Velvet Choker"],"picked":"Cursed Key"},{"not_picked":["Coffee Dripper","Philosopher\u0027s Stone"],"picked":"Mark of Pain"}],"items_purged_floors":[30,47],"is_endless":false,"potions_floor_spawned":[3,4,8,16,19,22,24,31,37,44,48],"ascension_level":0}