{"gold_per_floor":[119,130,141,141,152,152,181,198,198,73,89,89,14,14,14,139,139,160,160,38,38,56,56,99,99,99,99,99,114,114,152,152,272,272,285,308,322,322,340,340,383,401,428,451,784,246,258,272,272,272],"floor_reached":51,"playtime":1765,"items_purged":["Strike_R","Strike_R"],"score":744,"play_id":"2c90a504-fa5a-474d-93d4-9d4c7996697b","local_time":"20190212085436","is_ascension_mode":false,"campfire_choices":[{"data":"Demon Form","floor":6,"key":"SMITH"},{"floor":12,"key":"REST"},{"floor":15,"key":"REST"},{"data":"Bash","floor":23,"key":"SMITH"},{"data":"Sword Boomerang","floor":25,"key":"SMITH"},{"data":"Shrug It Off","floor":27,"key":"SMITH"},{"data":"Reaper","floor":30,"key":"SMITH"},{"floor":32,"key":"REST"},{"data":"Shrug It Off","floor":40,"key":"SMITH"},{"data":"Twin Strike","floor":49,"key":"SMITH"}],"neow_cost":"NONE","seed_source_timestamp":913133434052987,"circlet_count":0,"master_deck":["Strike_R","Defend_R","Defend_R","Defend_R","Defend_R","Bash+1","Demon Form+1","Sword Boomerang+1","Twin Strike+1","Pommel Strike","Evolve","Shrug It Off+1","Reaper+1","Shrug It Off+1","Offering+1","Clothesline+1","Flame Barrier+1","Sword Boomerang+1","Demon Form+1"],"relics":["Black Blood","Self Forming Clay","Pear","Enchiridion","Frozen Egg 2","Toxic Egg 2","Centennial Puzzle","Orichalcum","Coffee Dripper","Lantern","Regal Pillow","DollysMirror","Pantograph"],"potions_floor_usage":[7,16,24,24,24,50,50,50],"damage_taken":[{"damage":10,"enemies":"Cultist","floor":1,"turns":4},{"damage":7,"enemies":"2 Louse","floor":2,"turns":2},{"damage":8,"enemies":"Jaw Worm","floor":3,"turns":4},{"damage":29,"enemies":"Exordium Thugs","floor":5,"turns":5},{"damage":14,"enemies":"Gremlin Nob","floor":7,"turns":3},{"damage":22,"enemies":"Gremlin Gang","floor":8,"turns":5},{"damage":14,"enemies":"3 Louse","floor":11,"turns":3},{"damage":39,"enemies":"The Guardian","floor":16,"turns":7},{"damage":42,"enemies":"3 Byrds","floor":18,"turns":7},{"damage":7,"enemies":"Chosen","floor":22,"turns":4},{"damage":34,"enemies":"Gremlin Leader","floor":24,"turns":6},{"damage":15,"enemies":"Snecko","floor":29,"turns":3},{"damage":46,"enemies":"Slavers","floor":31,"turns":5},{"damage":45,"enemies":"Champ","floor":33,"turns":10},{"damage":15,"enemies":"Orb Walker","floor":35,"turns":4},{"damage":10,"enemies":"3 Darklings","floor":36,"turns":5},{"damage":6,"enemies":"Spire Growth","floor":37,"turns":4},{"damage":10,"enemies":"Maw","floor":39,"turns":5},{"damage":59,"enemies":"Reptomancer","floor":41,"turns":5},{"damage":11,"enemies":"4 Shapes","floor":42,"turns":6},{"damage":29,"enemies":"3 Darklings","floor":44,"turns":5},{"damage":6,"enemies":"Maw","floor":47,"turns":6},{"damage":9,"enemies":"Spire Growth","floor":48,"turns":4},{"damage":37,"enemies":"Time Eater","floor":50,"turns":8}],"seed_played":"3073762726835547020","potions_obtained":[{"floor":2,"key":"PowerPotion"},{"floor":8,"key":"Poison Potion"},{"floor":11,"key":"LiquidBronze"},{"floor":33,"key":"Ancient Potion"},{"floor":41,"key":"Dexterity Potion"},{"floor":44,"key":"AttackPotion"},{"floor":47,"key":"BloodPotion"},{"floor":48,"key":"EssenceOfSteel"}],"is_trial":false,"path_per_floor":["M","M","M","?","M","R","E","M","T","$","M","R","$","?","R","B",null,"M","?","$","?","M","R","E","R","T","R","T","M","R","E","R","B",null,"M","M","M","?","M","R","E","M","T","M","?","$","M","M","R","B",null],"character_chosen":"IRONCLAD","items_purchased":["Shrug It Off","Regen Potion","Shrug It Off","Regen Potion","DollysMirror","Pantograph"],"campfire_rested":3,"item_purchase_floors":[10,10,20,20,46,46],"current_hp_per_floor":[76,75,73,66,43,43,35,19,29,29,21,48,48,48,72,39,83,73,73,73,57,60,60,83,83,83,83,83,78,78,64,83,65,83,83,83,83,83,83,83,58,68,68,73,73,73,83,83,83,83],"gold":272,"neow_bonus":"ONE_RANDOM_RARE_CARD","is_prod":false,"is_daily":false,"chose_seed":false,"campfire_upgraded":7,"win_rate":0,"timestamp":1549961676,"path_taken":["M","M","M","?","M","R","E","M","T","$","M","R","$","?","R","BOSS","M","?","?","?","?","R","E","R","T","R","?","M","R","E","R","BOSS","M","M","?","?","M","R","E","?","T","M","?","$","M","M","R","BOSS"],"build_version":"2019-01-23","purchased_purges":2,"victory":true,"max_hp_per_floor":[80,80,80,80,80,80,80,80,90,90,90,90,90,83,83,83,83,83,83,83,83,83,83,83,83,83,83,83,83,83,83,83,83,83,83,83,83,83,83,83,83,83,83,83,83,83,83,83,83,83],"card_choices":[{"not_picked":["Flex","Havoc"],"picked":"Sword Boomerang","floor":1},{"not_picked":["Wild Strike","Corruption","Clash"],"picked":"SKIP","floor":2},{"not_picked":["Headbutt","Warcry"],"picked":"Twin Strike","floor":3},{"not_picked":["Dual Wield","Power Through"],"picked":"Pommel Strike","floor":5},{"not_picked":["Spot Weakness","Exhume"],"picked":"Evolve","floor":7},{"not_picked":["Thunderclap","Corruption","Perfected Strike"],"picked":"SKIP","floor":8},{"not_picked":["Wild Strike","Exhume","Iron Wave"],"picked":"SKIP","floor":11},{"not_picked":["Feed","Dark Embrace"],"picked":"Reaper","floor":16},{"not_picked":["Inflame","Thunderclap","Warcry"],"picked":"SKIP","floor":18},{"not_picked":["Havoc","Sentinel","Pummel"],"picked":"SKIP","floor":22},{"not_picked":["Sword Boomerang","Rupture"],"picked":"Offering","floor":24},{"not_picked":["Iron Wave","Twin Strike","Uppercut"],"picked":"SKIP","floor":29},{"not_picked":["Havoc+1","Wild Strike+1"],"picked":"Clothesline+1","floor":31},{"not_picked":["Burning Pact+1","Sentinel+1"],"picked":"Flame Barrier+1","floor":35},{"not_picked":["Body Slam","Sever Soul","Uppercut+1"],"picked":"SKIP","floor":36},{"not_picked":["Wild Strike+1","Metallicize+1"],"picked":"Sword Boomerang+1","floor":37},{"not_picked":["Dual Wield+1","Perfected Strike","Headbutt+1"],"picked":"SKIP","floor":39},{"not_picked":["Sword Boomerang","Seeing Red+1","Sever Soul+1"],"picked":"SKIP","floor":41},{"not_picked":["Bloodletting+1","Wild Strike+1","Clash"],"picked":"SKIP","floor":42},{"not_picked":["Cleave+1","Flex+1","Body Slam+1"],"picked":"SKIP","floor":44},{"not_picked":["Twin Strike","Cleave+1","Juggernaut+1"],"picked":"SKIP","floor":47},{"not_picked":["Headbutt+1","Cleave","Sword Boomerang+1"],"picked":"SKIP","floor":48}],"player_experience":1131716,"relics_obtained":[{"floor":7,"key":"Self Forming Clay"},{"floor":9,"key":"Pear"},{"floor":21,"key":"Enchiridion"},{"floor":24,"key":"Frozen Egg 2"},{"floor":26,"key":"Toxic Egg 2"},{"floor":28,"key":"Centennial Puzzle"},{"floor":31,"key":"Orichalcum"},{"floor":41,"key":"Lantern"},{"floor":43,"key":"Regal Pillow"}],"event_choices":[{"cards_removed":["Strike_R"],"damage_healed":0,"gold_gain":0,"player_choice":"Card Removal","damage_taken":7,"max_hp_gain":0,"max_hp_loss":0,"event_name":"Golden Wing","floor":4,"gold_loss":0},{"damage_healed":0,"gold_gain":0,"player_choice":"Lose Max HP","damage_taken":0,"relics_obtained":["Golden Idol"],"max_hp_gain":0,"max_hp_loss":7,"event_name":"Golden Idol","floor":14,"gold_loss":0},{"cards_removed":["Strike_R"],"damage_healed":0,"gold_gain":0,"player_choice":"Offered Basic","damage_taken":0,"max_hp_gain":0,"max_hp_loss":0,"event_name":"Bonfire Elementals","floor":19,"gold_loss":0},{"damage_healed":0,"gold_gain":0,"player_choice":"Obtained Book","damage_taken":16,"max_hp_gain":0,"max_hp_loss":0,"event_name":"Cursed Tome","floor":21,"gold_loss":0},{"damage_healed":0,"gold_gain":0,"player_choice":"Forge","damage_taken":0,"max_hp_gain":0,"max_hp_loss":0,"event_name":"Accursed Blacksmith","floor":38,"gold_loss":0,"cards_upgraded":["Offering"]},{"damage_healed":0,"gold_gain":333,"player_choice":"Gave Idol","damage_taken":0,"max_hp_gain":0,"max_hp_loss":0,"event_name":"The Moai Head","floor":45,"relics_lost":["Golden Idol"],"gold_loss":0}],"is_beta":false,"boss_relics":[{"not_picked":["Snecko Eye","Ectoplasm"],"picked":"Black Blood"},{"not_picked":["Pandora\u0027s Box","Lizard Tail"],"picked":"Coffee Dripper"}],"items_purged_floors":[13,46],"is_endless":false,"potions_floor_spawned":[2,8,11,22,33,41,44,47,48],"ascension_level":0}