{"gold_per_floor":[362,71,91,91,103,120,120,147,197,214,214,214,227,238,238,335,335,349,363,49,49,62,62,62,78,103,103,115,144,144,156,156,156],"floor_reached":33,"playtime":760,"items_purged":[],"score":271,"play_id":"fb9f9a2b-32fc-4f7a-841c-31f66f05ed59","local_time":"20190209134003","is_ascension_mode":false,"campfire_choices":[{"data":"Searing Blow","floor":7,"key":"SMITH"},{"data":"Searing Blow+1","floor":12,"key":"SMITH"},{"data":"Searing Blow+2","floor":15,"key":"SMITH"},{"floor":23,"key":"REST"},{"floor":27,"key":"REST"},{"floor":30,"key":"REST"},{"data":"Searing Blow+3","floor":32,"key":"SMITH"}],"neow_cost":"TEN_PERCENT_HP_LOSS","seed_source_timestamp":672069980439200,"circlet_count":0,"master_deck":["Strike_R","Strike_R","Strike_R","Strike_R","Defend_R","Defend_R","Defend_R","Defend_R","Bash","Headbutt","Searing Blow+4","Immolate","Headbutt","Spot Weakness","Offering","Metallicize"],"relics":["Burning Blood","Gremlin Horn","Sundial","PreservedInsect","Centennial Puzzle","Black Star","Shuriken","Regal Pillow","Happy Flower","Blue Candle"],"potions_floor_usage":[16,16,16,29,33],"damage_taken":[{"damage":7,"enemies":"2 Louse","floor":1,"turns":3},{"damage":6,"enemies":"Cultist","floor":3,"turns":3},{"damage":13,"enemies":"Jaw Worm","floor":5,"turns":3},{"damage":7,"enemies":"3 Louse","floor":6,"turns":3},{"damage":14,"enemies":"Gremlin Nob","floor":8,"turns":3},{"damage":0,"enemies":"Exordium Thugs","floor":10,"turns":2},{"damage":0,"enemies":"Lots of Slimes","floor":13,"turns":1},{"damage":7,"enemies":"Blue Slaver","floor":14,"turns":2},{"damage":46,"enemies":"Hexaghost","floor":16,"turns":5},{"damage":5,"enemies":"Spheric Guardian","floor":18,"turns":3},{"damage":49,"enemies":"3 Byrds","floor":19,"turns":5},{"damage":10,"enemies":"Colosseum Slavers","floor":21,"turns":3},{"damage":21,"enemies":"Centurion and Healer","floor":22,"turns":6},{"damage":21,"enemies":"Snake Plant","floor":25,"turns":3},{"damage":31,"enemies":"Shelled Parasite and Fungi","floor":28,"turns":3},{"damage":9,"enemies":"Gremlin Leader","floor":29,"turns":3},{"damage":6,"enemies":"3 Cultists","floor":31,"turns":3},{"damage":87,"enemies":"Champ","floor":33,"turns":9}],"seed_played":"-7123679614592178096","potions_obtained":[{"floor":5,"key":"SpeedPotion"},{"floor":6,"key":"Strength Potion"},{"floor":10,"key":"BloodPotion"},{"floor":13,"key":"FearPotion"},{"floor":24,"key":"LiquidBronze"},{"floor":24,"key":"FairyPotion"},{"floor":24,"key":"Poison Potion"},{"floor":25,"key":"Dexterity Potion"},{"floor":28,"key":"AttackPotion"}],"is_trial":false,"path_per_floor":["M","$","M","?","M","M","R","E","T","M","?","R","M","M","R","B",null,"M","M","$","?","M","R","?","M","T","R","M","E","R","M","R","B"],"character_chosen":"IRONCLAD","items_purchased":["Gremlin Horn","Headbutt","Offering","Shuriken"],"campfire_rested":3,"item_purchase_floors":[2,2,20,20],"current_hp_per_floor":[71,71,71,64,57,56,56,48,48,54,54,54,60,59,59,26,72,72,29,29,25,10,31,31,16,16,52,27,24,60,60,60,0],"gold":156,"neow_bonus":"TWO_FIFTY_GOLD","is_prod":false,"is_daily":false,"chose_seed":false,"campfire_upgraded":4,"win_rate":0,"timestamp":1549719603,"path_taken":["M","$","M","?","M","M","R","E","T","M","?","R","M","?","R","BOSS","M","M","$","?","M","R","?","?","T","R","M","E","R","M","R","BOSS"],"build_version":"2019-01-23","purchased_purges":0,"victory":false,"max_hp_per_floor":[72,72,72,72,72,72,72,72,72,72,72,72,72,72,72,72,72,72,72,72,72,72,72,72,72,72,72,72,72,72,72,72,72],"card_choices":[{"not_picked":["Heavy Blade","Infernal Blade","Havoc"],"picked":"SKIP","floor":1},{"not_picked":["Rage","Sword Boomerang"],"picked":"Searing Blow","floor":3},{"not_picked":["Anger","Pommel Strike","Feel No Pain"],"picked":"SKIP","floor":5},{"not_picked":["Heavy Blade","Havoc"],"picked":"Immolate","floor":6},{"not_picked":["Clash","Reckless Charge","Iron Wave"],"picked":"SKIP","floor":8},{"not_picked":["Clash","Iron Wave","Wild Strike"],"picked":"SKIP","floor":10},{"not_picked":["Anger","Havoc","Perfected Strike"],"picked":"SKIP","floor":13},{"not_picked":["Headbutt","Cleave","Uppercut"],"picked":"SKIP","floor":14},{"not_picked":["Hemokinesis+1","Combust"],"picked":"Headbutt","floor":18},{"not_picked":["Heavy Blade","Corruption"],"picked":"Spot Weakness","floor":19},{"not_picked":["Twin Strike","True Grit","Headbutt"],"picked":"SKIP","floor":22},{"not_picked":["Clash+1","Warcry+1","Flex"],"picked":"SKIP","floor":25},{"not_picked":["Anger+1","Armaments","Cleave"],"picked":"SKIP","floor":28},{"not_picked":["Limit Break","Clash+1","Offering"],"picked":"SKIP","floor":29},{"not_picked":["Headbutt","Searing Blow"],"picked":"Metallicize","floor":31}],"player_experience":1113376,"relics_obtained":[{"floor":8,"key":"PreservedInsect"},{"floor":9,"key":"Centennial Puzzle"},{"floor":26,"key":"Regal Pillow"},{"floor":29,"key":"Happy Flower"},{"floor":29,"key":"Blue Candle"}],"event_choices":[{"damage_healed":0,"gold_gain":0,"player_choice":"Success","damage_taken":7,"relics_obtained":["Sundial"],"max_hp_gain":0,"max_hp_loss":0,"event_name":"Scrap Ooze","floor":4,"gold_loss":0},{"cards_removed":["Strike_R"],"damage_healed":0,"gold_gain":0,"player_choice":"Offered Basic","damage_taken":0,"max_hp_gain":0,"max_hp_loss":0,"event_name":"Bonfire Elementals","floor":11,"gold_loss":0},{"damage_healed":0,"gold_gain":0,"player_choice":"Fight","damage_taken":0,"max_hp_gain":0,"max_hp_loss":0,"event_name":"Colosseum","floor":21,"gold_loss":0},{"damage_healed":0,"gold_gain":0,"player_choice":"Fled From Nobs","damage_taken":0,"max_hp_gain":0,"max_hp_loss":0,"event_name":"Colosseum","floor":21,"gold_loss":0},{"damage_healed":0,"gold_gain":0,"player_choice":"Got Potions","damage_taken":0,"max_hp_gain":0,"max_hp_loss":0,"event_name":"Lab","floor":24,"gold_loss":0}],"is_beta":false,"boss_relics":[{"not_picked":["Astrolabe","Orrery"],"picked":"Black Star"}],"items_purged_floors":[],"is_endless":false,"potions_floor_spawned":[5,6,10,13,14,25,28],"killed_by":"Champ","ascension_level":0}