{"gold_per_floor":[218,231,231,74,90,122,141,166,166,166,192,192,225,235,235,338,338,357,376,223,239,100,129,129,156,181,209,209,227,227,241,241,341,341,355,355,15,29,42,42,72,88,158,158,158,188,188,1,1,1],"floor_reached":51,"playtime":2838,"items_purged":["Strike_R","Clash"],"score":909,"play_id":"15adf7e0-e8e3-47bc-856c-b197c2be8a85","local_time":"20190202235524","is_ascension_mode":true,"campfire_choices":[{"floor":10,"key":"REST"},{"data":"Uppercut","floor":15,"key":"SMITH"},{"data":"Demon Form","floor":24,"key":"SMITH"},{"floor":30,"key":"REST"},{"floor":32,"key":"REST"},{"floor":40,"key":"REST"},{"data":"Feel No Pain","floor":44,"key":"SMITH"},{"data":"Heavy Blade","floor":47,"key":"SMITH"},{"data":"Feel No Pain","floor":49,"key":"SMITH"}],"neow_cost":"NONE","seed_source_timestamp":102101095663245,"circlet_count":0,"master_deck":["Bash","Uppercut+1","Corruption","Pommel Strike","Feel No Pain+1","Shrug It Off","Brutality","Evolve","True Grit","Rupture","Dark Embrace","Demon Form+1","Heavy Blade+1","Inflame","Shrug It Off","Immolate","Reckless Charge","Flame Barrier+1","Shrug It Off","Barricade","Combust+1","Warcry+1","Power Through+1","Feed","Inflame","Power Through+1","Sentinel+1","Feel No Pain+1"],"relics":["Burning Blood","Question Card","Mummified Hand","Ornamental Fan","Lantern","Bag of Marbles","Pandora\u0027s Box","Happy Flower","Bag of Preparation","Pen Nib","Art of War","Astrolabe","Medical Kit","Pear","Meat on the Bone","Omamori","Strawberry"],"potions_floor_usage":[8,11,16,23,23,25,27,41,50,50],"damage_taken":[{"damage":6,"enemies":"Jaw Worm","floor":1,"turns":6},{"damage":0,"enemies":"2 Louse","floor":2,"turns":3},{"damage":4,"enemies":"Cultist","floor":5,"turns":3},{"damage":21,"enemies":"Gremlin Nob","floor":6,"turns":4},{"damage":0,"enemies":"2 Fungi Beasts","floor":7,"turns":4},{"damage":11,"enemies":"3 Sentries","floor":8,"turns":8},{"damage":8,"enemies":"Gremlin Nob","floor":11,"turns":3},{"damage":7,"enemies":"Lagavulin","floor":13,"turns":7},{"damage":3,"enemies":"Blue Slaver","floor":14,"turns":4},{"damage":16,"enemies":"Hexaghost","floor":16,"turns":6},{"damage":12,"enemies":"Chosen","floor":18,"turns":4},{"damage":0,"enemies":"Spheric Guardian","floor":19,"turns":2},{"damage":7,"enemies":"Snecko","floor":21,"turns":3},{"damage":9,"enemies":"Book of Stabbing","floor":23,"turns":4},{"damage":20,"enemies":"Gremlin Leader","floor":25,"turns":3},{"damage":35,"enemies":"Slavers","floor":27,"turns":6},{"damage":19,"enemies":"Centurion and Healer","floor":29,"turns":3},{"damage":0,"enemies":"Snake Plant","floor":31,"turns":1},{"damage":45,"enemies":"Automaton","floor":33,"turns":7},{"damage":9,"enemies":"Orb Walker","floor":35,"turns":2},{"damage":29,"enemies":"3 Darklings","floor":38,"turns":3},{"damage":5,"enemies":"Writhing Mass","floor":39,"turns":4},{"damage":19,"enemies":"Reptomancer","floor":41,"turns":5},{"damage":6,"enemies":"4 Shapes","floor":42,"turns":4},{"damage":9,"enemies":"Giant Head","floor":46,"turns":6},{"damage":45,"enemies":"Donu and Deca","floor":50,"turns":4}],"seed_played":"999334090384552524","potions_obtained":[{"floor":1,"key":"SpeedPotion"},{"floor":6,"key":"Poison Potion"},{"floor":8,"key":"Poison Potion"},{"floor":11,"key":"SteroidPotion"},{"floor":13,"key":"AttackPotion"},{"floor":18,"key":"Weak Potion"},{"floor":21,"key":"Poison Potion"},{"floor":25,"key":"Fire Potion"},{"floor":38,"key":"Fire Potion"},{"floor":41,"key":"SkillPotion"},{"floor":42,"key":"LiquidBronze"}],"is_trial":false,"path_per_floor":["M","M","?","$","M","E","M","E","T","R","E","?","E","M","R","B",null,"M","M","$","M","$","E","R","E","T","E","?","M","R","M","R","B",null,"M","?","$","M","M","R","E","M","T","R","?","E","R","$","R","B",null],"character_chosen":"IRONCLAD","items_purchased":["Corruption","Shrug It Off","Immolate","Medical Kit","Feed","Feel No Pain","Strawberry"],"campfire_rested":4,"item_purchase_floors":[4,20,22,37,37,48,48],"current_hp_per_floor":[80,80,64,64,66,51,57,52,52,76,74,74,73,76,76,66,80,74,80,80,79,79,76,76,62,62,33,33,20,44,50,74,35,80,77,77,77,57,61,86,83,86,86,86,86,86,86,93,93,66],"gold":1,"neow_bonus":"HUNDRED_GOLD","is_prod":false,"is_daily":false,"chose_seed":false,"campfire_upgraded":5,"win_rate":0,"timestamp":1549151724,"path_taken":["M","M","?","$","M","E","M","E","T","R","E","?","E","?","R","BOSS","M","M","$","M","$","E","R","E","T","E","?","M","R","M","R","BOSS","M","?","$","M","M","R","E","M","T","R","?","E","R","?","R","BOSS"],"build_version":"2019-01-23","purchased_purges":2,"victory":true,"max_hp_per_floor":[80,80,80,80,80,80,80,80,80,80,80,80,80,80,80,80,80,80,80,80,80,80,80,80,80,80,80,80,80,80,80,80,80,80,80,80,80,83,86,86,96,99,99,99,99,102,102,109,109,109],"card_choices":[{"not_picked":["Seeing Red","True Grit"],"picked":"Uppercut","floor":1},{"not_picked":["Sword Boomerang","Clothesline","Power Through"],"picked":"SKIP","floor":2},{"not_picked":["Burning Pact","Clothesline"],"picked":"Pommel Strike","floor":5},{"not_picked":["Burning Pact","Armaments"],"picked":"Feel No Pain","floor":6},{"not_picked":["Dual Wield","Armaments","Seeing Red"],"picked":"Shrug It Off","floor":7},{"not_picked":["Sword Boomerang","Carnage","Reckless Charge"],"picked":"Brutality","floor":8},{"not_picked":["Feel No Pain","Flame Barrier","Havoc"],"picked":"Evolve","floor":11},{"not_picked":["Iron Wave","Sword Boomerang","Reckless Charge"],"picked":"Rupture","floor":13},{"not_picked":["Sever Soul","Armaments","Warcry","Flex"],"picked":"SKIP","floor":14},{"not_picked":["Barricade","Impervious","Bludgeon"],"picked":"Dark Embrace","floor":16},{"not_picked":["Heavy Blade","Wild Strike","Iron Wave","Havoc+1"],"picked":"SKIP","floor":18},{"not_picked":["Dual Wield+1","Thunderclap","Flex","Heavy Blade+1"],"picked":"SKIP","floor":19},{"not_picked":["Double Tap","Perfected Strike","Warcry","Headbutt"],"picked":"SKIP","floor":21},{"not_picked":["Sword Boomerang","Dropkick","Pummel","Cleave"],"picked":"SKIP","floor":23},{"not_picked":["Reckless Charge","Warcry","Entrench","Fire Breathing+1"],"picked":"SKIP","floor":25},{"not_picked":["Warcry","Entrench","Fire Breathing+1"],"picked":"Reckless Charge","floor":25},{"not_picked":["Evolve+1","Dropkick","Fire Breathing","Second Wind"],"picked":"SKIP","floor":27},{"not_picked":["Hemokinesis+1","Thunderclap+1","Barricade"],"picked":"Flame Barrier+1","floor":29},{"not_picked":["Havoc","Anger","Spot Weakness"],"picked":"Shrug It Off","floor":31},{"not_picked":["Brutality","Bludgeon","Offering"],"picked":"Barricade","floor":33},{"not_picked":["Carnage+1","Entrench+1","Sword Boomerang"],"picked":"Power Through+1","floor":35},{"not_picked":["Armaments","Pommel Strike","Anger+1"],"picked":"Inflame","floor":38},{"not_picked":["Armaments","Havoc","Entrench","Ghostly Armor"],"picked":"SKIP","floor":39},{"not_picked":["Wild Strike+1","Brutality","Corruption"],"picked":"Power Through+1","floor":41},{"not_picked":["Anger","Pummel","Wild Strike","Warcry+1"],"picked":"SKIP","floor":42},{"not_picked":["Flame Barrier","Headbutt+1","Battle Trance"],"picked":"Sentinel+1","floor":46}],"player_experience":1073719,"relics_obtained":[{"floor":6,"key":"Question Card"},{"floor":8,"key":"Mummified Hand"},{"floor":9,"key":"Ornamental Fan"},{"floor":11,"key":"Lantern"},{"floor":13,"key":"Bag of Marbles"},{"floor":23,"key":"Happy Flower"},{"floor":25,"key":"Bag of Preparation"},{"floor":26,"key":"Pen Nib"},{"floor":27,"key":"Art of War"},{"floor":41,"key":"Pear"},{"floor":43,"key":"Meat on the Bone"},{"floor":46,"key":"Omamori"}],"event_choices":[{"damage_healed":0,"gold_gain":0,"player_choice":"Entered Light","damage_taken":16,"max_hp_gain":0,"max_hp_loss":0,"event_name":"Shining Light","floor":3,"gold_loss":0,"cards_upgraded":["Strike_R","Defend_R"]},{"damage_healed":0,"gold_gain":0,"cards_transformed":["Strike_R"],"player_choice":"Transformed","damage_taken":0,"max_hp_gain":0,"max_hp_loss":0,"event_name":"Transmorgrifier","floor":12,"gold_loss":0,"cards_obtained":["True Grit"]},{"damage_healed":0,"gold_gain":0,"player_choice":"Ignored","damage_taken":0,"max_hp_gain":0,"max_hp_loss":0,"event_name":"Beggar","floor":28,"gold_loss":0},{"cards_removed":["Perfected Strike"],"damage_healed":0,"gold_gain":0,"player_choice":"Removed Attack","damage_taken":0,"max_hp_gain":0,"max_hp_loss":0,"event_name":"Falling","floor":36,"gold_loss":0},{"damage_healed":0,"gold_gain":0,"player_choice":"Ignored","damage_taken":0,"max_hp_gain":0,"max_hp_loss":0,"event_name":"Tomb of Lord Red Mask","floor":45,"gold_loss":0}],"is_beta":false,"boss_relics":[{"not_picked":["Lizard Tail","Calling Bell"],"picked":"Pandora\u0027s Box"},{"not_picked":["Empty Cage","Runic Cube"],"picked":"Astrolabe"}],"items_purged_floors":[4,20],"is_endless":false,"potions_floor_spawned":[1,6,8,11,13,18,21,25,38,41,42],"ascension_level":1}