{"gold_per_floor":[110,130,205,222,222,222,71,106,106,6,21,21,21,40,40,40],"floor_reached":16,"playtime":600,"items_purged":["Strike_R","Defend_R"],"score":105,"play_id":"3592910b-7076-47d3-89ac-a1b0491b142d","local_time":"20190205204814","is_ascension_mode":true,"campfire_choices":[{"data":"Thunderclap","floor":6,"key":"SMITH"},{"floor":12,"key":"REST"},{"floor":15,"key":"REST"}],"neow_cost":"NONE","seed_source_timestamp":352321581735524,"circlet_count":0,"master_deck":["Strike_R","Strike_R","Strike_R","Defend_R","Defend_R","Defend_R","Bash","Sword Boomerang","Thunderclap+1","Dropkick","Decay"],"relics":["Burning Blood","Golden Idol","Charon\u0027s Ashes","Calipers"],"potions_floor_usage":[11],"damage_taken":[{"damage":1,"enemies":"Cultist","floor":1,"turns":4},{"damage":1,"enemies":"2 Louse","floor":2,"turns":3},{"damage":0,"enemies":"Small Slimes","floor":4,"turns":2},{"damage":34,"enemies":"3 Sentries","floor":8,"turns":8},{"damage":17,"enemies":"Gremlin Gang","floor":11,"turns":4},{"damage":13,"enemies":"Blue Slaver","floor":14,"turns":4},{"damage":58,"enemies":"Hexaghost","floor":16,"turns":8}],"seed_played":"307953365026345432","potions_obtained":[{"floor":1,"key":"Energy Potion"},{"floor":14,"key":"SteroidPotion"}],"is_trial":false,"path_per_floor":["M","M","?","M","?","R","$","E","T","$","M","R","?","M","R","B"],"character_chosen":"IRONCLAD","items_purchased":["Dropkick"],"campfire_rested":2,"item_purchase_floors":[7],"current_hp_per_floor":[80,80,69,75,55,55,55,27,27,27,16,40,40,33,57,0],"gold":40,"neow_bonus":"TRANSFORM_CARD","is_prod":false,"is_daily":false,"chose_seed":false,"campfire_upgraded":1,"win_rate":0,"timestamp":1549399694,"path_taken":["M","M","?","M","?","R","$","E","T","$","M","R","?","M","R","BOSS"],"build_version":"2019-01-23","purchased_purges":2,"victory":false,"max_hp_per_floor":[80,80,80,80,80,80,80,80,80,80,80,80,80,80,80,80],"card_choices":[{"not_picked":["Second Wind","Havoc","Flex"],"picked":"SKIP","floor":1},{"not_picked":["Cleave","Sword Boomerang"],"picked":"Thunderclap","floor":2},{"not_picked":["Pummel","Sever Soul","Wild Strike"],"picked":"SKIP","floor":4},{"not_picked":["Whirlwind","Warcry","Cleave"],"picked":"SKIP","floor":8},{"not_picked":["Anger","Cleave","Inflame"],"picked":"SKIP","floor":11},{"not_picked":["Headbutt","Shrug It Off","Clash"],"picked":"SKIP","floor":14}],"player_experience":1086066,"relics_obtained":[{"floor":8,"key":"Charon\u0027s Ashes"},{"floor":9,"key":"Calipers"}],"event_choices":[{"damage_healed":0,"gold_gain":75,"player_choice":"Gather Gold","damage_taken":11,"max_hp_gain":0,"max_hp_loss":0,"event_name":"World of Goop","floor":3,"gold_loss":0},{"damage_healed":0,"gold_gain":0,"player_choice":"Take Damage","damage_taken":20,"relics_obtained":["Golden Idol"],"max_hp_gain":0,"max_hp_loss":0,"event_name":"Golden Idol","floor":5,"gold_loss":0},{"damage_healed":0,"gold_gain":0,"player_choice":"Cursed","damage_taken":0,"max_hp_gain":0,"max_hp_loss":0,"event_name":"Wheel of Change","floor":13,"gold_loss":0,"cards_obtained":["Decay"]}],"is_beta":false,"boss_relics":[],"items_purged_floors":[7,10],"is_endless":false,"potions_floor_spawned":[1,14],"killed_by":"Hexaghost","ascension_level":1}