{"gold_per_floor":[114,114,38,56,76,76,103,118,118,118,58,75,75,87,87,186,186],"floor_reached":17,"playtime":586,"items_purged":["Strike_R"],"score":165,"play_id":"f9b7de47-3555-4d80-bd88-efda835830e2","local_time":"20190207142751","is_ascension_mode":true,"campfire_choices":[{"data":"Bludgeon","floor":6,"key":"SMITH"},{"data":"Immolate","floor":10,"key":"SMITH"},{"data":"True Grit","floor":15,"key":"SMITH"}],"neow_cost":"TEN_PERCENT_HP_LOSS","seed_source_timestamp":502311817347823,"circlet_count":0,"master_deck":["Strike_R","Strike_R","Strike_R","Defend_R","Defend_R","Defend_R","Defend_R","Bash","Bludgeon+1","True Grit+1","Combust","Shrug It Off","Immolate+1","Power Through","Dark Embrace","Demon Form"],"relics":["Burning Blood","Du-Vu Doll","The Courier","Snecko Eye"],"potions_floor_usage":[16],"damage_taken":[{"damage":10,"enemies":"Small Slimes","floor":1,"turns":3},{"damage":6,"enemies":"Cultist","floor":4,"turns":3},{"damage":1,"enemies":"2 Louse","floor":5,"turns":2},{"damage":27,"enemies":"Lagavulin","floor":7,"turns":6},{"damage":2,"enemies":"Exordium Thugs","floor":8,"turns":4},{"damage":7,"enemies":"Blue Slaver","floor":12,"turns":2},{"damage":6,"enemies":"Exordium Wildlife","floor":14,"turns":2},{"damage":51,"enemies":"The Guardian","floor":16,"turns":9}],"seed_played":"-6698551206811711893","potions_obtained":[{"floor":1,"key":"FearPotion"},{"floor":8,"key":"GamblersBrew"},{"floor":12,"key":"PowerPotion"},{"floor":14,"key":"Ancient Potion"},{"floor":16,"key":"Poison Potion"}],"is_trial":false,"path_per_floor":["M","?","$","M","M","R","E","M","T","R","$","M","?","M","R","B",null],"character_chosen":"IRONCLAD","items_purchased":["Combust"],"campfire_rested":0,"item_purchase_floors":[3],"current_hp_per_floor":[68,68,68,68,72,72,51,55,55,55,55,54,54,54,54,9,72],"gold":186,"neow_bonus":"THREE_RARE_CARDS","is_prod":false,"is_daily":false,"chose_seed":false,"campfire_upgraded":3,"win_rate":0,"timestamp":1549549671,"path_taken":["M","?","$","M","?","R","E","M","T","R","$","M","?","M","R","BOSS"],"build_version":"2019-01-23","purchased_purges":1,"victory":false,"max_hp_per_floor":[72,72,72,72,72,72,72,72,72,72,72,72,72,72,72,72,72],"card_choices":[{"not_picked":["Impervious","Limit Break"],"picked":"Bludgeon","floor":0},{"not_picked":["Rage","Havoc"],"picked":"True Grit","floor":1},{"not_picked":["Clothesline","Wild Strike"],"picked":"Shrug It Off","floor":4},{"not_picked":["Combust","Twin Strike","Heavy Blade"],"picked":"SKIP","floor":5},{"not_picked":["Sword Boomerang","Juggernaut"],"picked":"Immolate","floor":7},{"not_picked":["Clash","Wild Strike"],"picked":"Power Through","floor":8},{"not_picked":["Inflame","Corruption","Sword Boomerang"],"picked":"SKIP","floor":12},{"not_picked":["Thunderclap","Sever Soul","Intimidate"],"picked":"SKIP","floor":14},{"not_picked":["Brutality","Limit Break"],"picked":"Demon Form","floor":16}],"player_experience":1101207,"relics_obtained":[{"floor":7,"key":"The Courier"}],"event_choices":[{"damage_healed":0,"gold_gain":0,"player_choice":"Gave Potion","damage_taken":0,"relics_obtained":["Du-Vu Doll"],"max_hp_gain":0,"max_hp_loss":0,"event_name":"WeMeetAgain","floor":2,"gold_loss":0},{"damage_healed":0,"gold_gain":0,"cards_transformed":["Strike_R"],"player_choice":"Transformed","damage_taken":0,"max_hp_gain":0,"max_hp_loss":0,"event_name":"Transmorgrifier","floor":13,"gold_loss":0,"cards_obtained":["Dark Embrace"]}],"is_beta":false,"boss_relics":[{"not_picked":["Astrolabe","Cursed Key"],"picked":"Snecko Eye"}],"items_purged_floors":[11],"is_endless":false,"potions_floor_spawned":[1,8,12,14,16],"ascension_level":1}