{"gold_per_floor":[119,132,132,152,152,152,183,203,203,226,226,226,226,70,70,189,189,214,214,239,253,269,269,269,283,283,37,60,60,93,107,107,107],"floor_reached":33,"playtime":1144,"items_purged":["Strike_R"],"score":294,"play_id":"39b427cb-d817-448d-94a4-4b3f01e72289","local_time":"20190209211658","is_ascension_mode":false,"campfire_choices":[{"data":"Bash","floor":6,"key":"SMITH"},{"floor":11,"key":"REST"},{"data":"Twin Strike","floor":13,"key":"SMITH"},{"data":"Uppercut","floor":15,"key":"SMITH"},{"data":"Fiend Fire","floor":23,"key":"SMITH"},{"data":"Disarm","floor":29,"key":"SMITH"},{"floor":32,"key":"REST"}],"neow_cost":"NONE","seed_source_timestamp":699101500552965,"circlet_count":0,"master_deck":["Strike_R","Strike_R","Strike_R+1","Strike_R","Defend_R","Defend_R","Defend_R+1","Defend_R","Bash+1","Twin Strike+1","Metallicize","Uppercut+1","Fiend Fire+1","Battle Trance","Battle Trance","Infernal Blade+1","Disarm+1"],"relics":["Black Blood","Golden Idol","Du-Vu Doll","Gremlin Horn","Frozen Egg 2","Meat on the Bone","Mummified Hand"],"potions_floor_usage":[2,10,10,12,21,30,33,33],"damage_taken":[{"damage":11,"enemies":"Jaw Worm","floor":1,"turns":3},{"damage":3,"enemies":"Small Slimes","floor":2,"turns":4},{"damage":6,"enemies":"Cultist","floor":4,"turns":3},{"damage":33,"enemies":"Lagavulin","floor":7,"turns":6},{"damage":11,"enemies":"Gremlin Gang","floor":8,"turns":6},{"damage":17,"enemies":"Exordium Thugs","floor":10,"turns":5},{"damage":25,"enemies":"The Guardian","floor":16,"turns":12},{"damage":24,"enemies":"2 Thieves","floor":18,"turns":3},{"damage":13,"enemies":"3 Byrds","floor":20,"turns":6},{"damage":28,"enemies":"Snecko","floor":21,"turns":6},{"damage":7,"enemies":"Chosen and Byrds","floor":22,"turns":5},{"damage":29,"enemies":"Centurion and Healer","floor":25,"turns":5},{"damage":16,"enemies":"Cultist and Chosen","floor":28,"turns":4},{"damage":28,"enemies":"Slavers","floor":30,"turns":6},{"damage":9,"enemies":"3 Cultists","floor":31,"turns":3},{"damage":107,"enemies":"Champ","floor":33,"turns":23}],"seed_played":"283636579557785160","potions_obtained":[{"floor":1,"key":"Regen Potion"},{"floor":2,"key":"Fruit Juice"},{"floor":4,"key":"Regen Potion"},{"floor":12,"key":"Block Potion"},{"floor":12,"key":"Fruit Juice"},{"floor":12,"key":"BloodPotion"},{"floor":16,"key":"Dexterity Potion"},{"floor":25,"key":"Fire Potion"}],"is_trial":false,"path_per_floor":["M","M","?","M","?","R","E","M","T","M","R","?","R","$","R","B",null,"M","?","M","M","M","R","$","M","T","$","M","R","E","M","R","B"],"character_chosen":"IRONCLAD","items_purchased":["Uppercut","Meat on the Bone"],"campfire_rested":2,"item_purchase_floors":[14,27],"current_hp_per_floor":[83,91,68,68,49,49,22,17,17,40,67,72,72,72,72,53,98,84,84,81,72,75,75,75,56,56,56,62,62,56,69,98,0],"gold":107,"neow_bonus":"TEN_PERCENT_HP_BONUS","is_prod":false,"is_daily":false,"chose_seed":false,"campfire_upgraded":5,"win_rate":0,"timestamp":1549747018,"path_taken":["M","M","?","M","?","R","E","M","T","M","R","?","R","$","R","BOSS","M","?","M","M","M","R","$","M","T","$","?","R","E","M","R","BOSS"],"build_version":"2019-01-23","purchased_purges":1,"victory":false,"max_hp_per_floor":[88,93,93,93,93,93,93,93,93,93,93,98,98,98,98,98,98,98,98,98,98,98,98,98,98,98,98,98,98,98,98,98,98],"card_choices":[{"not_picked":["Rage","Twin Strike","Ghostly Armor"],"picked":"SKIP","floor":1},{"not_picked":["Shrug It Off","Anger","Clash"],"picked":"SKIP","floor":2},{"not_picked":["Searing Blow","Seeing Red"],"picked":"Twin Strike","floor":4},{"not_picked":["Thunderclap","Dual Wield","Pommel Strike"],"picked":"SKIP","floor":7},{"not_picked":["Flex","Burning Pact"],"picked":"Metallicize","floor":8},{"not_picked":["Body Slam","Perfected Strike","Clash"],"picked":"SKIP","floor":10},{"not_picked":["Dark Embrace","Juggernaut"],"picked":"Fiend Fire","floor":16},{"not_picked":["Shrug It Off","Wild Strike"],"picked":"Battle Trance","floor":18},{"not_picked":["Dual Wield","Sword Boomerang","Rage+1"],"picked":"SKIP","floor":20},{"not_picked":["Iron Wave+1","Fire Breathing"],"picked":"Infernal Blade+1","floor":21},{"not_picked":["Rampage","Perfected Strike+1","Power Through"],"picked":"SKIP","floor":22},{"not_picked":["Pommel Strike","Shrug It Off"],"picked":"Disarm","floor":25},{"not_picked":["Thunderclap","Whirlwind","Sever Soul+1"],"picked":"SKIP","floor":28},{"not_picked":["Berserk+1","Pommel Strike","Heavy Blade"],"picked":"SKIP","floor":30},{"not_picked":["Power Through","Uppercut","Rage"],"picked":"SKIP","floor":31}],"player_experience":1118429,"relics_obtained":[{"floor":7,"key":"Du-Vu Doll"},{"floor":9,"key":"Gremlin Horn"},{"floor":26,"key":"Frozen Egg 2"},{"floor":30,"key":"Mummified Hand"}],"event_choices":[{"damage_healed":0,"gold_gain":0,"player_choice":"Take Damage","damage_taken":23,"relics_obtained":["Golden Idol"],"max_hp_gain":0,"max_hp_loss":0,"event_name":"Golden Idol","floor":3,"gold_loss":0},{"damage_healed":0,"gold_gain":0,"player_choice":"Entered Light","damage_taken":19,"max_hp_gain":0,"max_hp_loss":0,"event_name":"Shining Light","floor":5,"gold_loss":0,"cards_upgraded":["Strike_R","Defend_R"]},{"damage_healed":0,"gold_gain":0,"player_choice":"Got Potions","damage_taken":0,"max_hp_gain":0,"max_hp_loss":0,"event_name":"Lab","floor":12,"gold_loss":0},{"damage_healed":0,"gold_gain":0,"player_choice":"Copied","damage_taken":0,"max_hp_gain":0,"max_hp_loss":0,"event_name":"Duplicator","floor":19,"gold_loss":0,"cards_obtained":["Battle Trance"]}],"is_beta":false,"boss_relics":[{"not_picked":["Busted Crown","Lizard Tail"],"picked":"Black Blood"}],"items_purged_floors":[14],"is_endless":false,"potions_floor_spawned":[1,2,4,16,20,25,28],"killed_by":"Champ","ascension_level":0}