{"gold_per_floor":[117,27,27,27,102,102,132,146,193,42,56,56,69,87,87,87],"floor_reached":16,"playtime":601,"items_purged":["Defend_R"],"score":200,"play_id":"61fb5257-69e3-424f-a249-86fbb12e925e","local_time":"20190219222849","is_ascension_mode":true,"campfire_choices":[{"data":"Infernal Blade","floor":6,"key":"SMITH"},{"floor":12,"key":"REST"},{"floor":15,"key":"REST"}],"neow_cost":"NONE","seed_source_timestamp":535046415027037,"circlet_count":0,"master_deck":["AscendersBane","Strike_R","Strike_R","Strike_R","Strike_R","Defend_R","Defend_R","Defend_R","Bash","Infernal Blade+1","Inflame","Clothesline","Spot Weakness","Offering","Thunderclap","Headbutt"],"relics":["Burning Blood","PreservedInsect","Centennial Puzzle"],"potions_floor_usage":[11,14,14],"damage_taken":[{"damage":6,"enemies":"Cultist","floor":1,"turns":4},{"damage":53,"enemies":"Lagavulin","floor":7,"turns":8},{"damage":7,"enemies":"Small Slimes","floor":8,"turns":4},{"damage":2,"enemies":"2 Louse","floor":11,"turns":2},{"damage":1,"enemies":"2 Fungi Beasts","floor":13,"turns":4},{"damage":23,"enemies":"Exordium Thugs","floor":14,"turns":5},{"damage":51,"enemies":"Slime Boss","floor":16,"turns":7}],"seed_played":"1173756067207236442","potions_obtained":[{"floor":1,"key":"Energy Potion"},{"floor":8,"key":"Fire Potion"},{"floor":13,"key":"EssenceOfSteel"}],"is_trial":false,"path_per_floor":["M","$","?","?","?","R","E","M","T","$","M","R","M","M","R","B"],"character_chosen":"IRONCLAD","items_purchased":["Inflame","Spot Weakness"],"campfire_rested":2,"item_purchase_floors":[2,10],"current_hp_per_floor":[75,75,68,68,57,57,10,9,9,9,13,37,42,25,49,0],"gold":87,"neow_bonus":"TEN_PERCENT_HP_BONUS","is_prod":false,"is_daily":false,"chose_seed":false,"campfire_upgraded":1,"win_rate":0,"timestamp":1550615329,"path_taken":["M","$","?","?","?","R","E","M","T","$","M","R","M","M","R","BOSS"],"build_version":"2019-01-23","purchased_purges":1,"victory":false,"max_hp_per_floor":[82,82,82,82,82,82,82,82,82,82,82,82,82,82,82,82],"card_choices":[{"not_picked":["Armaments","Carnage"],"picked":"Infernal Blade","floor":1},{"not_picked":["Intimidate","Evolve"],"picked":"Clothesline","floor":7},{"not_picked":["Pommel Strike","Havoc","Armaments"],"picked":"SKIP","floor":8},{"not_picked":["Sword Boomerang","Cleave"],"picked":"Offering","floor":11},{"not_picked":["Pommel Strike","Wild Strike"],"picked":"Thunderclap","floor":13},{"not_picked":["Thunderclap","Cleave"],"picked":"Headbutt","floor":14}],"player_experience":1155823,"relics_obtained":[{"floor":7,"key":"PreservedInsect"},{"floor":9,"key":"Centennial Puzzle"}],"event_choices":[{"cards_removed":["Strike_R"],"damage_healed":0,"gold_gain":0,"player_choice":"Card Removal","damage_taken":7,"max_hp_gain":0,"max_hp_loss":0,"event_name":"Golden Wing","floor":3,"gold_loss":0},{"damage_healed":0,"gold_gain":0,"player_choice":"Leave","damage_taken":0,"max_hp_gain":0,"max_hp_loss":0,"event_name":"The Cleric","floor":4,"gold_loss":0},{"damage_healed":0,"gold_gain":75,"player_choice":"Gather Gold","damage_taken":11,"max_hp_gain":0,"max_hp_loss":0,"event_name":"World of Goop","floor":5,"gold_loss":0}],"is_beta":false,"boss_relics":[],"items_purged_floors":[10],"is_endless":false,"potions_floor_spawned":[1,8,13],"killed_by":"Slime Boss","ascension_level":20}