{"gold_per_floor":[116,136,57,75,95,122,122,156,183,183,183,183,197,230,230,302,302,318,318,335,335,335,335,367,367,367,395,408,408,18,43,43,118,118,129,129,148,1147,616,641,641,672,721,721,57,57,89,89,89,89,89,89,89,39,39],"floor_reached":55,"playtime":2717,"items_purged":["Regret","Normality","Normality","Injury"],"score":2104,"play_id":"7573ced2-874e-4d05-8d2e-c9ceb944cb78","local_time":"20190222213403","is_ascension_mode":true,"campfire_choices":[{"floor":7,"key":"REST"},{"data":"Uppercut","floor":10,"key":"SMITH"},{"data":"Immolate","floor":12,"key":"SMITH"},{"data":"Bash","floor":15,"key":"SMITH"},{"data":"Fiend Fire","floor":23,"key":"SMITH"},{"floor":25,"key":"REST"},{"data":"Demon Form","floor":29,"key":"SMITH"},{"floor":32,"key":"REST"},{"floor":41,"key":"REST"},{"floor":44,"key":"RECALL"},{"floor":46,"key":"REST"},{"floor":49,"key":"REST"},{"data":"Inflame","floor":53,"key":"SMITH"}],"neow_cost":"NONE","seed_source_timestamp":788846010888055,"circlet_count":0,"master_deck":["AscendersBane","Bash+1","Headbutt","Shrug It Off","Uppercut+1","Battle Trance","Immolate+1","Shrug It Off","Fiend Fire+1","Spot Weakness","Combust","Iron Wave","Demon Form+1","Burning Pact","True Grit","Headbutt","Disarm+1","Shrug It Off+1","Shrug It Off","Thunderclap+1","Evolve","Reaper","Inflame+1","Entrench"],"relics":["Burning Blood","Bag of Marbles","Potion Belt","Smiling Mask","Oddly Smooth Stone","Pandora\u0027s Box","WarpedTongs","Champion Belt","Magic Flower","Matryoshka","Pocketwatch","Singing Bowl","Mark of Pain","Sling","Bottled Tornado","Vajra","Question Card","Bag of Preparation","Bird Faced Urn","Shuriken"],"potions_floor_usage":[16,21,33,40,42,42,50,51,51],"damage_taken":[{"damage":9,"enemies":"2 Louse","floor":1,"turns":4},{"damage":4,"enemies":"Jaw Worm","floor":2,"turns":4},{"damage":6,"enemies":"Cultist","floor":4,"turns":3},{"damage":17,"enemies":"Large Slime","floor":5,"turns":8},{"damage":43,"enemies":"Lagavulin","floor":6,"turns":8},{"damage":17,"enemies":"3 Sentries","floor":8,"turns":3},{"damage":0,"enemies":"Exordium Wildlife","floor":13,"turns":1},{"damage":0,"enemies":"Gremlin Nob","floor":14,"turns":3},{"damage":34,"enemies":"Hexaghost","floor":16,"turns":8},{"damage":18,"enemies":"Spheric Guardian","floor":18,"turns":4},{"damage":16,"enemies":"2 Thieves","floor":20,"turns":3},{"damage":0,"enemies":"Shelled Parasite and Fungi","floor":21,"turns":1},{"damage":14,"enemies":"Gremlin Leader","floor":24,"turns":5},{"damage":25,"enemies":"Book of Stabbing","floor":27,"turns":6},{"damage":10,"enemies":"Snake Plant","floor":28,"turns":3},{"damage":15,"enemies":"Gremlin Leader","floor":31,"turns":4},{"damage":54,"enemies":"Champ","floor":33,"turns":11},{"damage":0,"enemies":"Orb Walker","floor":35,"turns":2},{"damage":0,"enemies":"3 Shapes","floor":37,"turns":1},{"damage":60,"enemies":"Giant Head","floor":40,"turns":7},{"damage":47,"enemies":"Reptomancer","floor":42,"turns":5},{"damage":51,"enemies":"Nemesis","floor":47,"turns":7},{"damage":45,"enemies":"Time Eater","floor":50,"turns":7},{"damage":128,"enemies":"Donu and Deca","floor":51,"turns":10},{"damage":86,"enemies":"Shield and Spear","floor":55,"turns":4}],"seed_played":"-3617626291938093758","potions_obtained":[{"floor":2,"key":"SmokeBomb"},{"floor":6,"key":"LiquidBronze"},{"floor":14,"key":"SpeedPotion"},{"floor":16,"key":"SmokeBomb"},{"floor":18,"key":"Explosive Potion"},{"floor":27,"key":"Poison Potion"},{"floor":28,"key":"SkillPotion"},{"floor":31,"key":"Energy Potion"},{"floor":42,"key":"Weak Potion"}],"is_trial":false,"path_per_floor":["M","M","$","M","M","E","R","E","T","R","?","R","M","E","R","B",null,"M","?","M","M","?","R","E","R","T","E","M","R","$","E","R","B",null,"M","?","M","?","$","E","R","E","T","R","$","R","E","?","R","B","B",null,"R","$","E"],"character_chosen":"IRONCLAD","items_purchased":["Uppercut","Pocketwatch","Sling","Bottled Tornado","Bird Faced Urn","Inflame","Ancient Potion","Weak Potion","Swift Potion"],"campfire_rested":6,"item_purchase_floors":[3,30,39,39,45,45,45,45,45],"current_hp_per_floor":[72,74,74,74,63,26,50,39,39,39,59,59,65,71,71,43,72,60,60,50,56,56,56,48,71,71,55,54,54,54,50,74,31,70,81,81,85,85,85,36,62,24,24,24,24,50,21,21,47,79,58,81,81,81,0],"gold":39,"neow_bonus":"TEN_PERCENT_HP_BONUS","is_prod":false,"is_daily":false,"chose_seed":false,"campfire_upgraded":6,"win_rate":0,"timestamp":1550871243,"path_taken":["M","M","$","M","M","E","R","E","T","R","?","R","M","E","R","BOSS","M","?","?","M","?","R","E","R","T","E","M","R","$","E","R","BOSS","M","?","M","?","$","E","R","E","T","R","$","R","E","?","R","BOSS","BOSS","R","$","E"],"build_version":"2019-01-23","purchased_purges":4,"victory":false,"max_hp_per_floor":[82,82,82,82,82,82,82,82,82,82,82,82,82,82,82,82,82,82,82,82,82,79,79,79,79,79,79,79,79,79,81,81,83,83,85,85,85,85,85,87,87,87,87,87,87,87,89,89,89,89,89,89,89,89,89],"card_choices":[{"not_picked":["Thunderclap","Iron Wave"],"picked":"Headbutt","floor":1},{"not_picked":["Twin Strike","Pummel"],"picked":"Shrug It Off","floor":2},{"not_picked":["Thunderclap","Warcry","Twin Strike"],"picked":"SKIP","floor":4},{"not_picked":["Entrench","Clothesline"],"picked":"Battle Trance","floor":5},{"not_picked":["Clash","Cleave"],"picked":"Immolate","floor":6},{"not_picked":["Ghostly Armor","Warcry"],"picked":"Shrug It Off","floor":8},{"not_picked":["Sword Boomerang","Armaments","Power Through"],"picked":"SKIP","floor":13},{"not_picked":["Dual Wield","Sword Boomerang","True Grit"],"picked":"SKIP","floor":14},{"not_picked":["Reaper","Double Tap"],"picked":"Fiend Fire","floor":16},{"not_picked":["Warcry","Spot Weakness"],"picked":"Disarm+1","floor":18},{"not_picked":["Body Slam","Flame Barrier"],"picked":"Shrug It Off+1","floor":20},{"not_picked":["Havoc","Armaments","Feel No Pain"],"picked":"SKIP","floor":24},{"not_picked":["Juggernaut","Rage"],"picked":"Shrug It Off","floor":27},{"not_picked":["Twin Strike","Pommel Strike"],"picked":"Thunderclap+1","floor":28},{"not_picked":["Seeing Red","Warcry","Carnage"],"picked":"Singing Bowl","floor":31},{"not_picked":["Berserk","Bludgeon","Demon Form"],"picked":"Singing Bowl","floor":33},{"not_picked":["Wild Strike","Pommel Strike","Thunderclap"],"picked":"Singing Bowl","floor":35},{"not_picked":["Pummel+1","Combust"],"picked":"Evolve","floor":37},{"not_picked":["Perfected Strike","Dark Embrace","Havoc+1"],"picked":"Singing Bowl","floor":40},{"not_picked":["Clash","Uppercut"],"picked":"Reaper","floor":42},{"not_picked":["Twin Strike","Clothesline","Shrug It Off","Rupture"],"picked":"Singing Bowl","floor":47}],"player_experience":1167724,"relics_obtained":[{"floor":6,"key":"Bag of Marbles"},{"floor":8,"key":"Potion Belt"},{"floor":9,"key":"Smiling Mask"},{"floor":14,"key":"Oddly Smooth Stone"},{"floor":24,"key":"Champion Belt"},{"floor":26,"key":"Magic Flower"},{"floor":27,"key":"Matryoshka"},{"floor":31,"key":"Singing Bowl"},{"floor":40,"key":"Vajra"},{"floor":42,"key":"Question Card"},{"floor":43,"key":"Bag of Preparation"},{"floor":47,"key":"Shuriken"}],"event_choices":[{"damage_healed":20,"gold_gain":0,"player_choice":"Healed and dodged fight","damage_taken":0,"max_hp_gain":0,"max_hp_loss":0,"event_name":"Mushrooms","floor":11,"gold_loss":0,"cards_obtained":["Parasite"]},{"damage_healed":0,"gold_gain":0,"player_choice":"Rummage","damage_taken":0,"relics_obtained":["WarpedTongs"],"max_hp_gain":0,"max_hp_loss":0,"event_name":"Accursed Blacksmith","floor":19,"gold_loss":0,"cards_obtained":["Pain"]},{"damage_healed":0,"gold_gain":0,"cards_transformed":["Parasite","Pain"],"player_choice":"Became Test Subject","damage_taken":0,"max_hp_gain":0,"max_hp_loss":0,"event_name":"Drug Dealer","floor":22,"gold_loss":0,"cards_obtained":["Injury","Regret"]},{"cards_removed":["Dual Wield"],"damage_healed":0,"gold_gain":0,"player_choice":"Removed Skill","damage_taken":0,"max_hp_gain":0,"max_hp_loss":0,"event_name":"Falling","floor":36,"gold_loss":0},{"damage_healed":0,"gold_gain":999,"player_choice":"Gold","damage_taken":0,"max_hp_gain":0,"max_hp_loss":0,"event_name":"MindBloom","floor":38,"gold_loss":0,"cards_obtained":["Normality","Normality"]},{"damage_healed":0,"gold_gain":0,"cards_transformed":["Clash"],"player_choice":"Transformed","damage_taken":0,"max_hp_gain":0,"max_hp_loss":0,"event_name":"Transmorgrifier","floor":48,"gold_loss":0,"cards_obtained":["Entrench"]}],"is_beta":false,"boss_relics":[{"not_picked":["Lizard Tail","Philosopher\u0027s Stone"],"picked":"Pandora\u0027s Box"},{"not_picked":["Tiny House","Empty Cage"],"picked":"Mark of Pain"}],"items_purged_floors":[30,39,45,54],"is_endless":false,"potions_floor_spawned":[2,6,14,16,18,27,28,31,42,47],"killed_by":"Shield and Spear","ascension_level":20}