{"gold_per_floor":[116,116,116,191,203,203,262,262,262,262,289,299,324,340,340,417,417,435,112,131,148,161,223,223,223],"floor_reached":25,"playtime":1212,"items_purged":[],"score":462,"play_id":"f41bb610-514b-4116-8018-438e5eddeeff","local_time":"20190220225912","is_ascension_mode":true,"campfire_choices":[{"data":"Perfected Strike","floor":6,"key":"SMITH"},{"data":"Bash","floor":8,"key":"SMITH"},{"data":"Wild Strike","floor":10,"key":"SMITH"},{"data":"Disarm","floor":15,"key":"SMITH"},{"data":"Perfected Strike","floor":24,"key":"SMITH"}],"neow_cost":"PERCENT_DAMAGE","seed_source_timestamp":622658510237542,"circlet_count":0,"master_deck":["AscendersBane","Strike_R","Strike_R","Strike_R","Strike_R","Strike_R","Defend_R","Defend_R","Defend_R","Defend_R","Bash+1","Perfected Strike+1","Wild Strike+1","Spot Weakness","Pommel Strike","Disarm+1","Offering","Double Tap","Power Through","Perfected Strike+1"],"relics":["Burning Blood","Gambling Chip","Pocketwatch","Meat on the Bone","Oddly Smooth Stone","Paper Frog","Mark of Pain","Bag of Marbles","Tiny Chest"],"potions_floor_usage":[7,11,23,23,25],"damage_taken":[{"damage":4,"enemies":"Small Slimes","floor":1,"turns":3},{"damage":11,"enemies":"Jaw Worm","floor":5,"turns":4},{"damage":0,"enemies":"Gremlin Nob","floor":7,"turns":2},{"damage":8,"enemies":"Lagavulin","floor":11,"turns":3},{"damage":0,"enemies":"Cultist","floor":12,"turns":2},{"damage":8,"enemies":"Gremlin Nob","floor":13,"turns":3},{"damage":5,"enemies":"Looter","floor":14,"turns":2},{"damage":22,"enemies":"Hexaghost","floor":16,"turns":6},{"damage":6,"enemies":"Chosen","floor":18,"turns":2},{"damage":10,"enemies":"2 Thieves","floor":20,"turns":2},{"damage":17,"enemies":"3 Cultists","floor":21,"turns":4},{"damage":9,"enemies":"Centurion and Healer","floor":22,"turns":3},{"damage":22,"enemies":"Slavers","floor":23,"turns":5},{"damage":69,"enemies":"Gremlin Leader","floor":25,"turns":7}],"seed_played":"9034923222305913753","potions_obtained":[{"floor":1,"key":"Block Potion"},{"floor":5,"key":"Energy Potion"},{"floor":11,"key":"BloodPotion"},{"floor":13,"key":"Swift Potion"},{"floor":16,"key":"EssenceOfSteel"},{"floor":23,"key":"Poison Potion"}],"is_trial":false,"path_per_floor":["M","$","?","?","M","R","?","R","T","R","E","M","E","M","R","B",null,"M","$","M","M","M","E","R","E"],"character_chosen":"IRONCLAD","items_purchased":["Bag of Marbles","Double Tap"],"campfire_rested":0,"item_purchase_floors":[19,19],"current_hp_per_floor":[52,52,52,41,36,36,42,42,42,42,52,58,56,57,57,53,70,70,70,66,55,52,55,55,0],"gold":223,"neow_bonus":"ONE_RARE_RELIC","is_prod":false,"is_daily":false,"chose_seed":false,"campfire_upgraded":5,"win_rate":0,"timestamp":1550703552,"path_taken":["M","$","?","?","M","R","?","R","T","R","E","?","E","M","R","BOSS","M","$","M","?","M","E","R","E"],"build_version":"2019-01-23","purchased_purges":0,"victory":false,"max_hp_per_floor":[75,75,75,75,75,75,75,75,75,75,75,75,75,75,75,75,75,75,75,75,75,75,75,75,75],"card_choices":[{"not_picked":["Pummel","Second Wind"],"picked":"Perfected Strike","floor":1},{"not_picked":["Anger","Blood for Blood"],"picked":"Wild Strike","floor":5},{"not_picked":["Pummel","Rupture"],"picked":"Spot Weakness","floor":7},{"not_picked":["Warcry","Hemokinesis"],"picked":"Pommel Strike","floor":11},{"not_picked":["Thunderclap","Reckless Charge","Clash"],"picked":"SKIP","floor":12},{"not_picked":["Metallicize","Havoc"],"picked":"Disarm","floor":13},{"not_picked":["Intimidate","Twin Strike","Clash"],"picked":"SKIP","floor":14},{"not_picked":["Fiend Fire","Double Tap"],"picked":"Offering","floor":16},{"not_picked":["Clash+1","Body Slam","Wild Strike"],"picked":"SKIP","floor":18},{"not_picked":["Havoc","Twin Strike"],"picked":"Power Through","floor":20},{"not_picked":["Blood for Blood","Rage","Cleave"],"picked":"SKIP","floor":21},{"not_picked":["Anger","Armaments"],"picked":"Perfected Strike","floor":22},{"not_picked":["Exhume","Battle Trance","True Grit"],"picked":"SKIP","floor":23}],"player_experience":1157327,"relics_obtained":[{"floor":7,"key":"Pocketwatch"},{"floor":9,"key":"Meat on the Bone"},{"floor":11,"key":"Oddly Smooth Stone"},{"floor":13,"key":"Paper Frog"},{"floor":23,"key":"Tiny Chest"}],"event_choices":[{"damage_healed":0,"gold_gain":0,"player_choice":"Ignored","damage_taken":0,"max_hp_gain":0,"max_hp_loss":0,"event_name":"Golden Wing","floor":3,"gold_loss":0},{"damage_healed":0,"gold_gain":75,"player_choice":"Gather Gold","damage_taken":11,"max_hp_gain":0,"max_hp_loss":0,"event_name":"World of Goop","floor":4,"gold_loss":0},{"damage_healed":0,"gold_gain":0,"player_choice":"Searched \u00271\u0027 times","damage_taken":0,"max_hp_gain":0,"max_hp_loss":0,"event_name":"Dead Adventurer","floor":7,"gold_loss":0}],"is_beta":false,"boss_relics":[{"not_picked":["Snecko Eye","Tiny House"],"picked":"Mark of Pain"}],"items_purged_floors":[],"is_endless":false,"potions_floor_spawned":[1,5,11,13,16,21,23],"killed_by":"Gremlin Leader","ascension_level":20}