{"gold_per_floor":[114,27,27,27,44,44,75,93,123,123,140,140,140,156,156,245,245,268,268,268,30,45,45,45,89,89,89,89],"floor_reached":28,"playtime":1169,"items_purged":[],"score":533,"play_id":"8dd90189-7fd6-4791-ad92-39d3395e06d1","local_time":"20190223144625","is_ascension_mode":true,"campfire_choices":[{"data":"Bash","floor":6,"key":"SMITH"},{"floor":10,"key":"REST"},{"data":"Armaments","floor":15,"key":"SMITH"},{"floor":24,"key":"REST"},{"floor":27,"key":"REST"}],"neow_cost":"NONE","seed_source_timestamp":852337472001038,"circlet_count":0,"master_deck":["AscendersBane","Defend_R","Defend_R+1","Defend_R","Defend_R","Bash+1","Anger","Limit Break","Clothesline","Heavy Blade","Combust","Armaments+1","Rupture","Immolate","Bite","Bite","Bite","Bite","Bite","Brutality"],"relics":["Burning Blood","Paper Frog","Tiny Chest","Golden Idol","Runic Pyramid","Regal Pillow","Lantern","Blue Candle"],"potions_floor_usage":[16,22,23],"damage_taken":[{"damage":6,"enemies":"Jaw Worm","floor":1,"turns":6},{"damage":4,"enemies":"2 Louse","floor":5,"turns":3},{"damage":32,"enemies":"Lagavulin","floor":7,"turns":7},{"damage":7,"enemies":"Small Slimes","floor":8,"turns":3},{"damage":9,"enemies":"Blue Slaver","floor":11,"turns":4},{"damage":2,"enemies":"2 Fungi Beasts","floor":14,"turns":2},{"damage":54,"enemies":"Slime Boss","floor":16,"turns":11},{"damage":27,"enemies":"Chosen","floor":18,"turns":6},{"damage":25,"enemies":"2 Thieves","floor":22,"turns":3},{"damage":19,"enemies":"Gremlin Leader","floor":23,"turns":5},{"damage":59,"enemies":"Book of Stabbing","floor":25,"turns":5},{"damage":63,"enemies":"Slavers","floor":28,"turns":4}],"seed_played":"-7602905345521851587","potions_obtained":[{"floor":5,"key":"SpeedPotion"},{"floor":14,"key":"SkillPotion"},{"floor":18,"key":"SmokeBomb"}],"is_trial":false,"path_per_floor":["M","$","?","?","M","R","E","M","T","R","M","?","?","M","R","B",null,"M","?","?","$","M","E","R","E","T","R","E"],"character_chosen":"IRONCLAD","items_purchased":["Limit Break","Brutality","Regal Pillow"],"campfire_rested":3,"item_purchase_floors":[2,21,21],"current_hp_per_floor":[70,70,47,47,51,51,27,28,28,50,49,49,54,60,60,14,58,39,39,39,39,28,22,58,15,15,51,0],"gold":89,"neow_bonus":"RANDOM_COMMON_RELIC","is_prod":false,"is_daily":false,"chose_seed":false,"campfire_upgraded":2,"win_rate":0,"timestamp":1550933185,"path_taken":["M","$","?","?","M","R","E","M","T","R","M","?","?","M","R","BOSS","M","?","?","$","M","E","R","E","T","R","E"],"build_version":"2019-01-23","purchased_purges":0,"victory":false,"max_hp_per_floor":[75,75,75,75,75,75,75,75,75,75,75,68,73,73,73,73,73,73,73,73,73,73,73,73,73,73,73,73],"card_choices":[{"not_picked":["True Grit","Bloodletting"],"picked":"Anger","floor":1},{"not_picked":["Intimidate","Warcry"],"picked":"Clothesline","floor":5},{"not_picked":["Juggernaut","Feel No Pain"],"picked":"Heavy Blade","floor":7},{"not_picked":["Pommel Strike","Headbutt"],"picked":"Combust","floor":8},{"not_picked":["True Grit","Hemokinesis"],"picked":"Armaments","floor":11},{"not_picked":["Sentinel","Second Wind"],"picked":"Rupture","floor":14},{"not_picked":["Barricade","Impervious"],"picked":"Immolate","floor":16},{"not_picked":["Bloodletting","Cleave","Warcry"],"picked":"SKIP","floor":18},{"not_picked":["Heavy Blade","Fire Breathing","Twin Strike"],"picked":"SKIP","floor":22},{"not_picked":["Carnage+1","Uppercut","Wild Strike"],"picked":"SKIP","floor":25}],"player_experience":1174840,"relics_obtained":[{"floor":7,"key":"Paper Frog"},{"floor":9,"key":"Tiny Chest"},{"floor":25,"key":"Lantern"},{"floor":26,"key":"Blue Candle"}],"event_choices":[{"damage_healed":0,"gold_gain":0,"player_choice":"Entered Light","damage_taken":23,"max_hp_gain":0,"max_hp_loss":0,"event_name":"Shining Light","floor":3,"gold_loss":0,"cards_upgraded":["Strike_R","Defend_R"]},{"damage_healed":0,"gold_gain":0,"player_choice":"Leave","damage_taken":0,"max_hp_gain":0,"max_hp_loss":0,"event_name":"The Cleric","floor":4,"gold_loss":0},{"damage_healed":0,"gold_gain":0,"player_choice":"Lose Max HP","damage_taken":0,"relics_obtained":["Golden Idol"],"max_hp_gain":0,"max_hp_loss":7,"event_name":"Golden Idol","floor":12,"gold_loss":0},{"damage_healed":0,"gold_gain":0,"player_choice":"Donut","damage_taken":0,"max_hp_gain":5,"max_hp_loss":0,"event_name":"Big Fish","floor":13,"gold_loss":0},{"damage_healed":0,"gold_gain":0,"player_choice":"Ignored","damage_taken":0,"max_hp_gain":0,"max_hp_loss":0,"event_name":"The Mausoleum","floor":19,"gold_loss":0},{"damage_healed":0,"gold_gain":0,"player_choice":"Became a vampire (Vial)","damage_taken":0,"max_hp_gain":0,"max_hp_loss":0,"event_name":"Vampires","floor":20,"relics_lost":["Blood Vial"],"gold_loss":0,"cards_obtained":["Bite","Bite","Bite","Bite","Bite"]}],"is_beta":false,"boss_relics":[{"not_picked":["Ectoplasm","Runic Dome"],"picked":"Runic Pyramid"}],"items_purged_floors":[],"is_endless":false,"potions_floor_spawned":[5,14,18],"killed_by":"Slavers","ascension_level":20}