{"gold_per_floor":[112,130,130,31,0,0,29,29,29,40,40,57,390,407,407,483,483,483,483,483,199,199,199,199,199,199,199,199,199,199,199],"floor_reached":31,"playtime":1258,"items_purged":["Decay"],"score":494,"play_id":"e9c6a7d6-8519-4b4b-a5f6-e8a09a97b4b3","local_time":"20190817002936","is_ascension_mode":true,"campfire_choices":[{"data":"Combust","floor":6,"key":"SMITH"},{"data":"Bash","floor":8,"key":"SMITH"},{"data":"Impervious","floor":11,"key":"SMITH"},{"data":"Reckless Charge","floor":15,"key":"SMITH"},{"data":"Evolve","floor":23,"key":"SMITH"},{"data":"Wild Strike","floor":25,"key":"SMITH"},{"floor":27,"key":"REST"}],"neow_cost":"NONE","seed_source_timestamp":1734887182301119,"circlet_count":0,"master_deck":["AscendersBane","Strike_R","Strike_R","Strike_R+1","Strike_R","Strike_R","Defend_R","Defend_R","Defend_R","Defend_R","Bash+1","Cleave+1","Evolve+1","Combust+1","Impervious+1","Reckless Charge+1","Headbutt","Brutality+1","Anger+1","Flash of Steel","Shrug It Off","Wild Strike+1","Rampage+1","Flame Barrier+1"],"relics":["Burning Blood","Pantograph","Mercury Hourglass","Old Coin","Ectoplasm","Strawberry"],"potions_floor_usage":[7,13,16,20,31],"damage_taken":[{"damage":4,"enemies":"Small Slimes","floor":1,"turns":4},{"damage":9,"enemies":"Jaw Worm","floor":2,"turns":4},{"damage":26,"enemies":"Gremlin Nob","floor":7,"turns":4},{"damage":0,"enemies":"2 Louse","floor":10,"turns":1},{"damage":2,"enemies":"2 Fungi Beasts","floor":12,"turns":3},{"damage":24,"enemies":"Lagavulin","floor":13,"turns":6},{"damage":7,"enemies":"Looter","floor":14,"turns":3},{"damage":55,"enemies":"The Guardian","floor":16,"turns":11},{"damage":27,"enemies":"Spheric Guardian","floor":18,"turns":4},{"damage":16,"enemies":"Chosen","floor":20,"turns":4},{"damage":12,"enemies":"Centurion and Healer","floor":22,"turns":6},{"damage":12,"enemies":"Snake Plant","floor":24,"turns":4},{"damage":28,"enemies":"Snecko","floor":29,"turns":6},{"damage":19,"enemies":"Cultist and Chosen","floor":30,"turns":5},{"damage":25,"enemies":"Shelled Parasite and Fungi","floor":31,"turns":2}],"seed_played":"-5256994573382750249","potions_obtained":[{"floor":7,"key":"GamblersBrew"},{"floor":10,"key":"Strength Potion"},{"floor":12,"key":"FairyPotion"},{"floor":14,"key":"Dexterity Potion"},{"floor":16,"key":"Swift Potion"},{"floor":20,"key":"SteroidPotion"},{"floor":24,"key":"LiquidBronze"}],"is_trial":false,"path_per_floor":["M","M","?","$","?","R","E","R","T","M","R","M","E","M","R","B",null,"M","?","M","$","M","R","M","R","T","R","?","M","M","M"],"character_chosen":"IRONCLAD","items_purchased":["Combust","AttackPotion","Flash of Steel","Shrug It Off","Wild Strike"],"campfire_rested":1,"item_purchase_floors":[4,4,21,21,21],"current_hp_per_floor":[77,74,49,49,49,49,29,29,29,35,35,39,21,20,20,7,63,42,42,32,32,26,26,20,20,27,53,53,31,18,0],"gold":199,"neow_bonus":"TEN_PERCENT_HP_BONUS","is_prod":false,"is_daily":false,"chose_seed":false,"campfire_upgraded":6,"win_rate":0,"timestamp":1565998176,"path_taken":["M","M","?","?","?","R","E","R","T","M","R","M","E","M","R","BOSS","M","?","M","$","M","R","M","R","T","R","?","M","?","M"],"build_version":"2019-07-17","purchased_purges":1,"victory":false,"max_hp_per_floor":[82,82,82,82,82,82,82,82,82,82,82,82,82,82,82,82,82,82,82,82,82,82,82,82,82,89,89,89,89,89,89],"card_choices":[{"not_picked":["Shrug It Off","Warcry"],"picked":"Cleave","floor":1},{"not_picked":["Thunderclap","Cleave"],"picked":"Evolve","floor":2},{"not_picked":["Flex","Clothesline"],"picked":"Impervious","floor":7},{"not_picked":["Bloodletting","Anger","Sword Boomerang"],"picked":"SKIP","floor":10},{"not_picked":["Perfected Strike","Anger","Dropkick"],"picked":"SKIP","floor":12},{"not_picked":["Clash","Flex"],"picked":"Reckless Charge","floor":13},{"not_picked":["Fire Breathing","Shrug It Off"],"picked":"Headbutt","floor":14},{"not_picked":["Impervious","Bludgeon"],"picked":"Brutality","floor":16},{"not_picked":["Anger","Havoc","Heavy Blade"],"picked":"SKIP","floor":18},{"not_picked":["Flex","True Grit"],"picked":"Anger+1","floor":20},{"not_picked":["Berserk","Twin Strike"],"picked":"Rampage+1","floor":22},{"not_picked":["Cleave","Flex","Bloodletting"],"picked":"SKIP","floor":24},{"not_picked":["Dropkick","Heavy Blade","Fire Breathing"],"picked":"SKIP","floor":29},{"not_picked":["Headbutt","Heavy Blade"],"picked":"Flame Barrier+1","floor":30}],"player_experience":1494449,"relics_obtained":[{"floor":7,"key":"Pantograph"},{"floor":9,"key":"Mercury Hourglass"},{"floor":13,"key":"Old Coin"},{"floor":26,"key":"Strawberry"}],"event_choices":[{"damage_healed":0,"gold_gain":0,"player_choice":"Entered Light","damage_taken":25,"max_hp_gain":0,"max_hp_loss":0,"event_name":"Shining Light","floor":3,"gold_loss":0,"cards_upgraded":["Cleave","Strike_R"]},{"damage_healed":0,"gold_gain":0,"player_choice":"Left Gold","damage_taken":0,"max_hp_gain":0,"max_hp_loss":0,"event_name":"World of Goop","floor":5,"gold_loss":31},{"damage_healed":0,"gold_gain":0,"player_choice":"Smashed Altar","damage_taken":0,"max_hp_gain":0,"max_hp_loss":0,"event_name":"Forgotten Altar","floor":19,"gold_loss":0,"cards_obtained":["Decay"]},{"damage_healed":0,"gold_gain":0,"player_choice":"Forge","damage_taken":0,"max_hp_gain":0,"max_hp_loss":0,"event_name":"Accursed Blacksmith","floor":28,"gold_loss":0,"cards_upgraded":["Brutality"]}],"is_beta":false,"boss_relics":[{"not_picked":["Runic Pyramid","Black Blood"],"picked":"Ectoplasm"}],"items_purged_floors":[21],"is_endless":false,"potions_floor_spawned":[7,10,12,14,16,20,24],"killed_by":"Shelled Parasite and Fungi","ascension_level":20}