{"gold_per_floor":[109,126,126,126,145,145,180,193,193,218,44,58,58,70,70,70],"floor_reached":16,"playtime":704,"items_purged":[],"score":224,"play_id":"fcd4859b-d3bb-4ce9-8054-6c0487b58292","local_time":"20190817000146","is_ascension_mode":true,"campfire_choices":[{"data":"Fiend Fire","floor":6,"key":"SMITH"},{"data":"Shrug It Off","floor":13,"key":"SMITH"},{"data":"Pommel Strike","floor":15,"key":"SMITH"}],"neow_cost":"NONE","seed_source_timestamp":1733771117637911,"circlet_count":0,"master_deck":["AscendersBane","Strike_R","Strike_R","Strike_R","Strike_R","Strike_R","Defend_R","Defend_R","Defend_R","Defend_R","Bash+1","Fiend Fire+1","Headbutt+1","Shrug It Off+1","Corruption+1","Feel No Pain+1","Power Through","True Grit","Pommel Strike+1"],"relics":["Burning Blood","Frozen Egg 2","Sundial","Magic Flower"],"potions_floor_usage":[16,16],"damage_taken":[{"damage":2,"enemies":"2 Louse","floor":1,"turns":3},{"damage":7,"enemies":"Jaw Worm","floor":2,"turns":3},{"damage":0,"enemies":"Small Slimes","floor":5,"turns":2},{"damage":40,"enemies":"3 Sentries","floor":7,"turns":10},{"damage":3,"enemies":"Blue Slaver","floor":8,"turns":3},{"damage":8,"enemies":"Gremlin Nob","floor":10,"turns":3},{"damage":2,"enemies":"Looter","floor":12,"turns":3},{"damage":0,"enemies":"Exordium Wildlife","floor":14,"turns":4},{"damage":37,"enemies":"Hexaghost","floor":16,"turns":9}],"seed_played":"8130878232173658316","potions_obtained":[{"floor":5,"key":"SkillPotion"},{"floor":12,"key":"SteroidPotion"}],"is_trial":false,"path_per_floor":["M","M","?","?","M","R","E","M","T","E","$","M","R","M","R","B"],"character_chosen":"IRONCLAD","items_purchased":["Feel No Pain+1","Power Through"],"campfire_rested":0,"item_purchase_floors":[11,11],"current_hp_per_floor":[72,71,71,48,54,54,20,23,23,21,21,28,28,37,37,0],"gold":70,"neow_bonus":"ONE_RANDOM_RARE_CARD","is_prod":false,"is_daily":false,"chose_seed":false,"campfire_upgraded":3,"win_rate":0,"timestamp":1565996506,"path_taken":["M","M","?","?","M","R","E","M","T","E","?","M","R","M","R","BOSS"],"build_version":"2019-07-17","purchased_purges":0,"victory":false,"max_hp_per_floor":[75,75,75,75,75,75,75,75,75,75,75,75,75,75,75,75],"card_choices":[{"not_picked":["Heavy Blade","Body Slam"],"picked":"Headbutt","floor":1},{"not_picked":["Thunderclap","Havoc","Barricade"],"picked":"SKIP","floor":2},{"not_picked":["Perfected Strike","Entrench","Whirlwind"],"picked":"SKIP","floor":5},{"not_picked":["Bloodletting","Clothesline"],"picked":"Shrug It Off","floor":7},{"not_picked":["Iron Wave","Dropkick","Thunderclap"],"picked":"SKIP","floor":8},{"not_picked":["Wild Strike","Flex"],"picked":"Corruption+1","floor":10},{"not_picked":["Headbutt","Burning Pact"],"picked":"True Grit","floor":12},{"not_picked":["Infernal Blade","Twin Strike"],"picked":"Pommel Strike","floor":14}],"player_experience":1493357,"relics_obtained":[{"floor":7,"key":"Frozen Egg 2"},{"floor":9,"key":"Sundial"},{"floor":10,"key":"Magic Flower"}],"event_choices":[{"damage_healed":0,"gold_gain":0,"player_choice":"Ignored","damage_taken":0,"max_hp_gain":0,"max_hp_loss":0,"event_name":"Liars Game","floor":3,"gold_loss":0},{"damage_healed":0,"gold_gain":0,"player_choice":"Entered Light","damage_taken":23,"max_hp_gain":0,"max_hp_loss":0,"event_name":"Shining Light","floor":4,"gold_loss":0,"cards_upgraded":["Bash","Headbutt"]}],"is_beta":false,"boss_relics":[],"items_purged_floors":[],"is_endless":false,"potions_floor_spawned":[5,12,14],"killed_by":"Hexaghost","ascension_level":20}