{"gold_per_floor":[114,131,131,3,3,37,37,47,47,65,65,81,81,109,121,133],"floor_reached":16,"playtime":646,"items_purged":["Strike_R"],"score":220,"play_id":"8c0a10ce-543e-4e90-ae08-69ac170110f0","local_time":"20190827233621","is_ascension_mode":true,"campfire_choices":[{"data":"Searing Blow","floor":7,"key":"SMITH"},{"data":"Searing Blow+1","floor":11,"key":"SMITH"},{"data":"Searing Blow+2","floor":13,"key":"SMITH"},{"data":"Searing Blow+3","floor":15,"key":"SMITH"}],"neow_cost":"NONE","seed_source_timestamp":758593741520800,"circlet_count":0,"master_deck":["AscendersBane","Strike_R+1","Strike_R","Strike_R","Strike_R","Defend_R","Defend_R","Defend_R","Bash","Searing Blow+4","Armaments","Combust+1","Shrug It Off","Clothesline","Armaments","Disarm"],"relics":["Burning Blood","Shuriken","Dodecahedron","MawBank"],"potions_floor_usage":[6,6,16,16],"damage_taken":[{"damage":7,"enemies":"Jaw Worm","floor":1,"turns":3},{"damage":3,"enemies":"Small Slimes","floor":2,"turns":5},{"damage":10,"enemies":"Gremlin Nob","floor":6,"turns":3},{"damage":0,"enemies":"Cultist","floor":8,"turns":3},{"damage":10,"enemies":"Large Slime","floor":10,"turns":6},{"damage":11,"enemies":"2 Fungi Beasts","floor":12,"turns":2},{"damage":28,"enemies":"3 Sentries","floor":14,"turns":7},{"damage":44,"enemies":"Hexaghost","floor":16,"turns":9}],"seed_played":"4350415573717178627","potions_obtained":[{"floor":2,"key":"Energy Potion"},{"floor":6,"key":"FearPotion"},{"floor":8,"key":"SkillPotion"},{"floor":10,"key":"LiquidBronze"}],"is_trial":false,"path_per_floor":["M","M","?","$","?","E","R","M","T","M","R","M","R","E","R","B"],"character_chosen":"IRONCLAD","items_purchased":["Fire Potion"],"campfire_rested":0,"item_purchase_floors":[4],"current_hp_per_floor":[67,70,47,47,72,68,68,74,74,70,70,65,65,43,43,0],"gold":133,"neow_bonus":"TRANSFORM_CARD","is_prod":false,"is_daily":false,"chose_seed":false,"campfire_upgraded":4,"win_rate":0,"timestamp":1566945381,"path_taken":["M","M","?","$","?","E","R","M","T","M","R","M","R","E","R","BOSS"],"build_version":"2019-07-17","purchased_purges":1,"victory":false,"max_hp_per_floor":[75,75,75,75,75,75,75,75,75,75,75,75,75,75,75,75],"card_choices":[{"not_picked":["Clothesline","Entrench"],"picked":"Armaments","floor":1},{"not_picked":["Disarm","Searing Blow"],"picked":"Combust","floor":2},{"not_picked":["Pummel","Shockwave"],"picked":"Shrug It Off","floor":6},{"not_picked":["Feel No Pain","Power Through"],"picked":"Clothesline","floor":8},{"not_picked":["Sword Boomerang","Flex"],"picked":"Armaments","floor":10},{"not_picked":["Clothesline","Cleave","Reckless Charge"],"picked":"SKIP","floor":12},{"not_picked":["Warcry","Dropkick"],"picked":"Disarm","floor":14}],"player_experience":1553083,"relics_obtained":[{"floor":6,"key":"Shuriken"},{"floor":9,"key":"Dodecahedron"},{"floor":14,"key":"MawBank"}],"event_choices":[{"damage_healed":0,"gold_gain":0,"player_choice":"Entered Light","damage_taken":23,"max_hp_gain":0,"max_hp_loss":0,"event_name":"Shining Light","floor":3,"gold_loss":0,"cards_upgraded":["Combust","Strike_R"]},{"damage_healed":25,"gold_gain":0,"player_choice":"Banana","damage_taken":0,"max_hp_gain":0,"max_hp_loss":0,"event_name":"Big Fish","floor":5,"gold_loss":0}],"is_beta":false,"boss_relics":[],"items_purged_floors":[4],"is_endless":false,"potions_floor_spawned":[2,6,8,10],"killed_by":"Hexaghost","ascension_level":20}