{"gold_per_floor":[110,110,124,134,2,2,28,46,73,88,119,119,19,45,45,118,118,118,118,118,118,18,18,18,18,18,18,18,18,18,18,18,18],"floor_reached":33,"playtime":2261,"items_purged":["Pain","Strike_R"],"score":642,"play_id":"c700f81d-3d62-4a6d-9a57-db31cb472176","local_time":"20190818130242","is_ascension_mode":true,"campfire_choices":[{"data":"Inflame","floor":6.0,"key":"SMITH"},{"data":"Immolate","floor":12.0,"key":"SMITH"},{"data":"Metallicize","floor":15.0,"key":"SMITH"},{"floor":24,"key":"REST"},{"floor":27,"key":"REST"},{"floor":32,"key":"REST"}],"neow_cost":"NONE","seed_source_timestamp":1865426078870594,"circlet_count":0,"master_deck":["AscendersBane","Strike_R","Strike_R","Strike_R","Strike_R","Defend_R","Defend_R","Defend_R","Defend_R","Bash+1","Pommel Strike","Inflame+1","Limit Break","Twin Strike","Cleave","Immolate+1","Metallicize+1","Offering","Spot Weakness","Uppercut+1","Warcry","Sword Boomerang+1"],"special_seed":0,"relics":["Burning Blood","WarpedTongs","Juzu Bracelet","Orichalcum","Strawberry","Molten Egg 2","Ectoplasm","Bag of Preparation","Oddly Smooth Stone","Bottled Lightning","Centennial Puzzle","MutagenicStrength"],"potions_floor_usage":[23,23,25,25],"damage_taken":[{"damage":2.0,"enemies":"Jaw Worm","floor":1.0,"turns":3.0},{"damage":3.0,"enemies":"Cultist","floor":3.0,"turns":3.0},{"damage":3.0,"enemies":"Small Slimes","floor":4.0,"turns":3.0},{"damage":15.0,"enemies":"3 Sentries","floor":7.0,"turns":5.0},{"damage":12.0,"enemies":"Looter","floor":8.0,"turns":3.0},{"damage":1.0,"enemies":"Exordium Wildlife","floor":10.0,"turns":2.0},{"damage":2.0,"enemies":"Gremlin Nob","floor":11.0,"turns":3.0},{"damage":14.0,"enemies":"Lagavulin","floor":14.0,"turns":5.0},{"damage":29.0,"enemies":"The Guardian","floor":16.0,"turns":11.0},{"damage":14.0,"enemies":"3 Byrds","floor":18.0,"turns":3.0},{"damage":22,"enemies":"Shell Parasite","floor":20,"turns":3},{"damage":19,"enemies":"Gremlin Leader","floor":23,"turns":3},{"damage":24,"enemies":"Slavers","floor":25,"turns":4},{"damage":16,"enemies":"Book of Stabbing","floor":28,"turns":4},{"damage":13,"enemies":"Chosen and Byrds","floor":30,"turns":5},{"damage":84,"enemies":"Champ","floor":33,"turns":6}],"seed_played":"5226368749134225581","potions_obtained":[{"floor":4.0,"key":"Fire Potion"},{"floor":10.0,"key":"Fire Potion"},{"floor":11.0,"key":"SteroidPotion"},{"floor":14.0,"key":"Fruit Juice"},{"floor":20,"key":"EntropicBrew"}],"is_trial":false,"path_per_floor":["M","?","M","M","$","R","E","M","T","M","E","R","$","E","R","B",null,"M","?","M","?","$","E","R","E","T","R","E","?","M","$","R","B"],"character_chosen":"IRONCLAD","items_purchased":["AttackPotion","Uppercut+1","Warcry"],"campfire_rested":3,"item_purchase_floors":[5,22,22],"current_hp_per_floor":[72,72,75,75,75,75,66,60,60,65,76,76,76,73,73,50,78,70,45,29,29,29,16,43,25,25,52,42,42,35,35,62,0],"gold":18,"neow_bonus":"UPGRADE_CARD","is_prod":false,"is_daily":false,"chose_seed":false,"campfire_upgraded":3,"win_rate":0,"timestamp":1566129762,"path_taken":["M","?","M","?","$","R","E","M","T","M","E","R","$","E","R","BOSS","M","?","M","?","$","E","R","E","T","R","E","?","M","$","R","BOSS"],"build_version":"2019-07-17","purchased_purges":2,"victory":false,"max_hp_per_floor":[75,75,75,75,75,75,75,75,75,75,82,82,82,87,87,87,87,87,92,92,92,92,92,92,92,92,92,92,92,92,92,92,92],"card_choices":[{"not_picked":["Headbutt","Sever Soul"],"picked":"Pommel Strike","floor":1.0},{"not_picked":["Flex","Pommel Strike"],"picked":"Inflame","floor":3.0},{"not_picked":["Cleave","Pummel"],"picked":"Limit Break","floor":4.0},{"not_picked":["Evolve","Fire Breathing"],"picked":"Twin Strike","floor":7.0},{"not_picked":["Clash","Wild Strike"],"picked":"Cleave","floor":8.0},{"not_picked":["Heavy Blade","Cleave"],"picked":"Immolate","floor":10.0},{"not_picked":["Clothesline","Headbutt","Wild Strike"],"picked":"SKIP","floor":11.0},{"not_picked":["Reckless Charge","Twin Strike"],"picked":"Metallicize","floor":14.0},{"not_picked":["Impervious","Brutality"],"picked":"Offering","floor":16.0},{"not_picked":["Anger+1","Searing Blow+1"],"picked":"Spot Weakness","floor":18.0},{"not_picked":["Clash+1","Whirlwind+1","Sentinel"],"picked":"SKIP","floor":20},{"not_picked":["Warcry","Bloodletting","Carnage+1"],"picked":"SKIP","floor":23},{"not_picked":["Demon Form","Berserk","Feel No Pain"],"picked":"SKIP","floor":25},{"not_picked":["Power Through","Combust","Thunderclap+1"],"picked":"SKIP","floor":28},{"not_picked":["Fire Breathing","Body Slam+1"],"picked":"Sword Boomerang+1","floor":30}],"player_experience":1509103,"relics_obtained":[{"floor":7.0,"key":"Juzu Bracelet"},{"floor":9.0,"key":"Orichalcum"},{"floor":11.0,"key":"Strawberry"},{"floor":14.0,"key":"Molten Egg 2"},{"floor":23,"key":"Bag of Preparation"},{"floor":25,"key":"Oddly Smooth Stone"},{"floor":26,"key":"Bottled Lightning"},{"floor":28,"key":"Centennial Puzzle"}],"event_choices":[{"damage_healed":0.0,"max_hp_gain":0.0,"max_hp_loss":0.0,"gold_gain":0.0,"event_name":"Accursed Blacksmith","player_choice":"Rummage","floor":2.0,"gold_loss":0.0,"damage_taken":0.0,"relics_obtained":["WarpedTongs"],"cards_obtained":["Pain"]},{"damage_healed":0.0,"max_hp_gain":5.0,"max_hp_loss":0.0,"gold_gain":0.0,"event_name":"Forgotten Altar","player_choice":"Shed Blood","floor":19.0,"gold_loss":0.0,"damage_taken":30.0},{"damage_healed":0,"gold_gain":0,"player_choice":"Ignored","damage_taken":0,"max_hp_gain":0,"max_hp_loss":0,"event_name":"Vampires","floor":21,"gold_loss":0},{"damage_healed":0,"gold_gain":0,"player_choice":"Inject Mutagens","damage_taken":0,"relics_obtained":["MutagenicStrength"],"max_hp_gain":0,"max_hp_loss":0,"event_name":"Drug Dealer","floor":29,"gold_loss":0}],"is_beta":false,"boss_relics":[{"not_picked":["Calling Bell","Lizard Tail"],"picked":"Ectoplasm"}],"items_purged_floors":[5,13],"is_endless":false,"potions_floor_spawned":[4,10,11,14,20],"killed_by":"Champ","ascension_level":20}