{"gold_per_floor":[117,137,137,149,114,114,139,139,220,248,248,262,262,37,37,116,116,116,116,9,9,9,9,9,9,9,9,9,9,9,9,9,9,9,9,0,0,0,0,0,0,0,0,0,0,0,0,0,0,0,0],"floor_reached":51,"playtime":5806,"items_purged":["Defend_R"],"score":1386,"play_id":"578ebdb1-13ab-4b76-887a-2da3ea4ece69","local_time":"20190820003250","is_ascension_mode":true,"campfire_choices":[{"data":"Bash","floor":6.0,"key":"SMITH"},{"floor":8.0,"key":"REST"},{"data":"Finesse","floor":15.0,"key":"SMITH"},{"data":"Spot Weakness","floor":25.0,"key":"SMITH"},{"floor":27.0,"key":"REST"},{"data":"Demon Form","floor":32.0,"key":"SMITH"},{"data":"Juggernaut","floor":42,"key":"SMITH"},{"floor":46,"key":"REST"},{"data":"Deep Breath","floor":49,"key":"SMITH"}],"neow_cost":"NONE","seed_source_timestamp":65358451659900,"circlet_count":0,"master_deck":["AscendersBane","Strike_R","Strike_R+1","Strike_R+1","Defend_R+1","Defend_R+1","Defend_R+1","Bash+1","Headbutt+1","Carnage+1","Finesse+1","Juggernaut+1","Spot Weakness+1","Reaper","Shrug It Off","Shockwave+1","Demon Form+1","Feed","Shrug It Off+1","Madness","Reaper","Deep Breath+1","Clothesline+1","Barricade","Sword Boomerang"],"special_seed":0,"relics":["Burning Blood","Juzu Bracelet","Question Card","Whetstone","Ectoplasm","Magic Flower","Dream Catcher","War Paint","Regal Pillow","Sozu","Red Mask","Blood Vial","Self Forming Clay"],"potions_floor_usage":[51],"damage_taken":[{"damage":11.0,"enemies":"Jaw Worm","floor":1.0,"turns":4.0},{"damage":15.0,"enemies":"2 Louse","floor":2.0,"turns":2.0},{"damage":0.0,"enemies":"Cultist","floor":4.0,"turns":3.0},{"damage":32.0,"enemies":"3 Sentries","floor":7.0,"turns":9.0},{"damage":8.0,"enemies":"Gremlin Nob","floor":10.0,"turns":3.0},{"damage":14.0,"enemies":"Red Slaver","floor":12.0,"turns":2.0},{"damage":27.0,"enemies":"Hexaghost","floor":16.0,"turns":8.0},{"damage":0.0,"enemies":"Chosen","floor":18.0,"turns":3.0},{"damage":24.0,"enemies":"Shell Parasite","floor":19.0,"turns":4.0},{"damage":23.0,"enemies":"Cultist and Chosen","floor":21.0,"turns":7.0},{"damage":12.0,"enemies":"Snecko","floor":22.0,"turns":4.0},{"damage":29.0,"enemies":"Slavers","floor":23.0,"turns":5.0},{"damage":11.0,"enemies":"Centurion and Healer","floor":28.0,"turns":8.0},{"damage":26.0,"enemies":"Gremlin Leader","floor":29.0,"turns":5.0},{"damage":32.0,"enemies":"Slavers","floor":31.0,"turns":8.0},{"damage":65.0,"enemies":"Automaton","floor":33.0,"turns":10.0},{"damage":12,"enemies":"Orb Walker","floor":35,"turns":3},{"damage":44,"enemies":"3 Darklings","floor":37,"turns":8},{"damage":27,"enemies":"Jaw Worm Horde","floor":40,"turns":4},{"damage":20,"enemies":"Transient","floor":44,"turns":6},{"damage":50,"enemies":"Giant Head","floor":47,"turns":7},{"damage":18,"enemies":"4 Shapes","floor":48,"turns":7},{"damage":87,"enemies":"Awakened One","floor":50,"turns":9},{"damage":54,"enemies":"Donu and Deca","floor":51,"turns":4}],"seed_played":"4589518547720622920","potions_obtained":[{"floor":1.0,"key":"Energy Potion"},{"floor":7.0,"key":"AttackPotion"},{"floor":12.0,"key":"SkillPotion"},{"floor":19.0,"key":"LiquidBronze"},{"floor":21.0,"key":"SteroidPotion"},{"floor":23.0,"key":"Weak Potion"}],"is_trial":false,"path_per_floor":["M","M","?","M","?","R","E","R","T","E","?","M","?","$","R","B",null,"M","M","$","M","M","E","$","R","T","R","M","E","$","E","R","B",null,"M","?","M","?","?","M","$","R","T","M","?","R","E","M","R","B","B"],"character_chosen":"IRONCLAD","items_purchased":["Strength Potion","Finesse","Shrug It Off","Poison Potion"],"campfire_rested":3,"item_purchase_floors":[14,14,20,20],"current_hp_per_floor":[63,54,31,37,55,55,29,51,51,49,49,41,41,41,41,20,61,67,49,49,40,44,25,25,25,25,47,75,75,75,75,75,57,71,75,75,75,61,61,73,73,73,73,64,54,75,78,81,81,36,0],"gold":0,"neow_bonus":"REMOVE_CARD","is_prod":false,"is_daily":false,"chose_seed":false,"campfire_upgraded":6,"win_rate":0,"timestamp":1566257570,"path_taken":["M","M","?","M","?","R","E","R","T","E","?","M","?","?","R","BOSS","M","M","$","M","M","E","$","R","T","R","M","E","$","E","R","BOSS","M","?","M","?","?","M","?","R","T","M","?","R","E","M","R","BOSS","BOSS"],"build_version":"2019-07-17","purchased_purges":1,"victory":false,"max_hp_per_floor":[75,75,75,75,75,75,75,75,75,75,75,75,75,75,75,75,75,75,75,75,75,75,75,75,75,75,75,75,75,75,75,75,75,75,75,75,75,75,75,75,75,75,75,75,75,75,78,81,81,84,84],"card_choices":[{"not_picked":["Hemokinesis","Body Slam"],"picked":"Headbutt","floor":1.0},{"not_picked":["Rage","Armaments","Warcry"],"picked":"SKIP","floor":2.0},{"not_picked":["Flex","Clash","Havoc"],"picked":"SKIP","floor":4.0},{"not_picked":["Reckless Charge","Burning Pact","Armaments"],"picked":"SKIP","floor":7.0},{"not_picked":["Havoc","Rupture","Demon Form"],"picked":"Carnage","floor":10.0},{"not_picked":["Thunderclap","Perfected Strike","Armaments","Body Slam"],"picked":"SKIP","floor":12.0},{"not_picked":["Dark Embrace","Exhume","Reaper"],"picked":"Juggernaut","floor":16.0},{"not_picked":["Infernal Blade","Body Slam","Havoc"],"picked":"Spot Weakness","floor":18.0},{"not_picked":["Seeing Red","Clash","Wild Strike"],"picked":"Reaper","floor":19.0},{"not_picked":["Iron Wave","Hemokinesis","Perfected Strike","Evolve"],"picked":"SKIP","floor":21.0},{"not_picked":["Heavy Blade","Body Slam","True Grit","Wild Strike"],"picked":"SKIP","floor":22.0},{"not_picked":["Heavy Blade","Body Slam","True Grit","Wild Strike"],"picked":"SKIP","floor":22.0},{"not_picked":["Heavy Blade","Flex","Body Slam","Sentinel"],"picked":"SKIP","floor":23.0},{"not_picked":["Feel No Pain","Power Through","Pommel Strike"],"picked":"Shockwave+1","floor":27.0},{"not_picked":["Twin Strike","Havoc","Wild Strike","Rupture"],"picked":"SKIP","floor":28.0},{"not_picked":["Spot Weakness","Anger","Sentinel","Pummel"],"picked":"SKIP","floor":29.0},{"not_picked":["Clothesline","Evolve","Pummel"],"picked":"Demon Form","floor":31.0},{"not_picked":["Brutality","Bludgeon","Exhume"],"picked":"Feed","floor":33.0},{"not_picked":["Pommel Strike+1","Sword Boomerang","Cleave"],"picked":"Shrug It Off+1","floor":35},{"not_picked":["Infernal Blade","Inflame","Evolve","Fire Breathing"],"picked":"SKIP","floor":37},{"not_picked":["Hemokinesis","Pommel Strike","Perfected Strike+1","Infernal Blade"],"picked":"SKIP","floor":40},{"not_picked":["Infernal Blade","Burning Pact","Blood for Blood"],"picked":"Reaper","floor":44},{"not_picked":["Dramatic Entrance","Metamorphosis","The Bomb"],"picked":"Deep Breath","floor":45},{"not_picked":["Sever Soul","Warcry+1","Perfected Strike"],"picked":"Clothesline+1","floor":46},{"not_picked":["Armaments","Warcry","Uppercut+1"],"picked":"Barricade","floor":47},{"not_picked":["Clash+1","Burning Pact","Rupture"],"picked":"Sword Boomerang","floor":48}],"player_experience":1530266,"relics_obtained":[{"floor":7.0,"key":"Juzu Bracelet"},{"floor":9.0,"key":"Question Card"},{"floor":10.0,"key":"Whetstone"},{"floor":23.0,"key":"Magic Flower"},{"floor":26.0,"key":"Dream Catcher"},{"floor":29.0,"key":"War Paint"},{"floor":31.0,"key":"Regal Pillow"},{"floor":43,"key":"Blood Vial"},{"floor":47,"key":"Self Forming Clay"}],"event_choices":[{"damage_healed":0.0,"max_hp_gain":0.0,"max_hp_loss":0.0,"gold_gain":0.0,"event_name":"Shining Light","player_choice":"Entered Light","floor":3.0,"gold_loss":0.0,"damage_taken":23.0,"cards_upgraded":["Strike_R","Defend_R"]},{"damage_healed":18.0,"max_hp_gain":0.0,"max_hp_loss":0.0,"gold_gain":0.0,"event_name":"The Cleric","player_choice":"Healed","floor":5.0,"gold_loss":35.0,"damage_taken":0.0},{"damage_healed":0.0,"max_hp_gain":0.0,"max_hp_loss":0.0,"gold_gain":0.0,"event_name":"Accursed Blacksmith","player_choice":"Forge","floor":11.0,"gold_loss":0.0,"damage_taken":0.0,"cards_upgraded":["Carnage"]},{"cards_removed":["Strike_R"],"damage_healed":0.0,"max_hp_gain":0.0,"max_hp_loss":0.0,"gold_gain":0.0,"event_name":"Purifier","player_choice":"Purged","floor":13.0,"gold_loss":0.0,"damage_taken":0.0},{"damage_healed":0,"gold_gain":0,"player_choice":"Paid","damage_taken":0,"relics_obtained":["Red Mask"],"max_hp_gain":0,"max_hp_loss":0,"event_name":"Tomb of Lord Red Mask","floor":36,"gold_loss":9},{"damage_healed":0,"gold_gain":0,"player_choice":"Embrace Madness","damage_taken":14,"max_hp_gain":0,"max_hp_loss":0,"event_name":"Winding Halls","floor":38,"gold_loss":0,"cards_obtained":["Madness","Madness"]},{"cards_removed":["Madness"],"damage_healed":0,"gold_gain":0,"player_choice":"Removed Skill","damage_taken":0,"max_hp_gain":0,"max_hp_loss":0,"event_name":"Falling","floor":39,"gold_loss":0},{"damage_healed":0,"gold_gain":0,"player_choice":"Memory 3","damage_taken":10,"max_hp_gain":0,"max_hp_loss":0,"event_name":"SensoryStone","floor":45,"gold_loss":0}],"is_beta":false,"boss_relics":[{"not_picked":["Astrolabe","Black Blood"],"picked":"Ectoplasm"},{"not_picked":["Pandora\u0027s Box","Runic Dome"],"picked":"Sozu"}],"items_purged_floors":[14],"is_endless":false,"potions_floor_spawned":[1,7,12,19,21,22,23,40,48],"killed_by":"Donu and Deca","ascension_level":20}