{"gold_per_floor":[113,130,130,150,162,196,211,240,295,277,289,301,313,341,353,438,450,479,491,503,159,178,178],"floor_reached":23,"playtime":1142,"items_purged":["Strike_R"],"score":406,"play_id":"234614ef-a42d-475c-aaef-68668627e38a","local_time":"20190818115245","is_ascension_mode":true,"campfire_choices":[{"data":"Combust","floor":11.0,"key":"SMITH"},{"data":"Rupture","floor":13.0,"key":"SMITH"},{"floor":15.0,"key":"REST"}],"neow_cost":"NONE","seed_source_timestamp":1862369243647766,"circlet_count":0,"master_deck":["AscendersBane","Strike_R+1","Strike_R","Strike_R","Strike_R+1","Defend_R","Defend_R","Defend_R","Defend_R","Bash","Combust+1","Armaments","Carnage","Pommel Strike","Rupture+1","Feed","Headbutt+1","J.A.X.","Feed","Metallicize"],"special_seed":0,"relics":["Burning Blood","Whetstone","Regal Pillow","MawBank","Cursed Key","DollysMirror"],"potions_floor_usage":[23,23],"damage_taken":[{"damage":8.0,"enemies":"2 Louse","floor":1.0,"turns":4.0},{"damage":1.0,"enemies":"Cultist","floor":2.0,"turns":3.0},{"damage":9.0,"enemies":"Jaw Worm","floor":4.0,"turns":5.0},{"damage":11.0,"enemies":"3 Louse","floor":5.0,"turns":4.0},{"damage":22.0,"enemies":"Gremlin Nob","floor":6.0,"turns":4.0},{"damage":11.0,"enemies":"Blue Slaver","floor":7.0,"turns":5.0},{"damage":31.0,"enemies":"Lagavulin","floor":8.0,"turns":7.0},{"damage":0.0,"enemies":"Lots of Slimes","floor":12.0,"turns":1.0},{"damage":8.0,"enemies":"Looter","floor":14.0,"turns":3.0},{"damage":36.0,"enemies":"Slime Boss","floor":16.0,"turns":7.0},{"damage":25.0,"enemies":"2 Thieves","floor":18.0,"turns":4.0},{"damage":12.0,"enemies":"Chosen","floor":22.0,"turns":3.0},{"damage":34,"enemies":"Slavers","floor":23,"turns":2}],"seed_played":"-4399286134821054768","potions_obtained":[{"floor":0.0,"key":"Energy Potion"},{"floor":0.0,"key":"Block Potion"},{"floor":5.0,"key":"PowerPotion"},{"floor":10.0,"key":"Weak Potion"},{"floor":10.0,"key":"SmokeBomb"},{"floor":14.0,"key":"GamblersBrew"},{"floor":16.0,"key":"Explosive Potion"}],"is_trial":false,"path_per_floor":["M","M","?","M","M","E","M","E","T","?","R","M","R","M","R","B",null,"M","?","?","$","M","E"],"character_chosen":"IRONCLAD","items_purchased":["PowerPotion","DollysMirror"],"campfire_rested":1,"item_purchase_floors":[21,21],"current_hp_per_floor":[66,71,76,73,68,52,47,22,22,22,22,28,28,26,65,35,69,53,53,29,29,26,0],"gold":178,"neow_bonus":"THREE_SMALL_POTIONS","is_prod":false,"is_daily":false,"chose_seed":false,"campfire_upgraded":2,"win_rate":0,"timestamp":1566125565,"path_taken":["M","M","?","M","M","E","M","E","T","?","R","M","R","?","R","BOSS","M","?","?","$","M","E"],"build_version":"2019-07-17","purchased_purges":1,"victory":false,"max_hp_per_floor":[75,75,80,80,80,80,80,80,80,80,80,80,80,80,80,80,80,83,83,88,88,91,91],"card_choices":[{"not_picked":["Sword Boomerang","Shrug It Off"],"picked":"Combust","floor":1.0},{"not_picked":["Sever Soul","Perfected Strike"],"picked":"Armaments","floor":2.0},{"not_picked":["Havoc","Cleave"],"picked":"Carnage","floor":4.0},{"not_picked":["Heavy Blade","Bloodletting","Blood for Blood"],"picked":"SKIP","floor":5.0},{"not_picked":["Headbutt","Double Tap"],"picked":"Pommel Strike","floor":6.0},{"not_picked":["Sword Boomerang","Flex","Blood for Blood"],"picked":"SKIP","floor":7.0},{"not_picked":["Wild Strike","Twin Strike"],"picked":"Rupture","floor":8.0},{"not_picked":["Searing Blow","Whirlwind","Thunderclap"],"picked":"SKIP","floor":14.0},{"not_picked":["Fiend Fire","Double Tap"],"picked":"Feed","floor":16.0},{"not_picked":["Searing Blow","Flex"],"picked":"Headbutt+1","floor":18.0},{"not_picked":["Pummel","Iron Wave"],"picked":"Metallicize","floor":22.0}],"player_experience":1506501,"relics_obtained":[{"floor":6.0,"key":"Whetstone"},{"floor":8.0,"key":"Regal Pillow"},{"floor":9.0,"key":"MawBank"}],"event_choices":[{"damage_healed":0.0,"max_hp_gain":5.0,"max_hp_loss":0.0,"gold_gain":0.0,"event_name":"Big Fish","player_choice":"Donut","floor":3.0,"gold_loss":0.0,"damage_taken":0.0},{"damage_healed":0.0,"max_hp_gain":0.0,"max_hp_loss":0.0,"gold_gain":0.0,"event_name":"The Woman in Blue","player_choice":"Bought 2 Potions","floor":10.0,"gold_loss":0.0,"damage_taken":0.0},{"damage_healed":0.0,"max_hp_gain":0.0,"max_hp_loss":0.0,"gold_gain":0.0,"event_name":"Drug Dealer","player_choice":"Obtain J.A.X.","floor":19.0,"gold_loss":0.0,"damage_taken":0.0,"cards_obtained":["J.A.X."]},{"damage_healed":0.0,"max_hp_gain":5.0,"max_hp_loss":0.0,"gold_gain":0.0,"event_name":"Forgotten Altar","player_choice":"Shed Blood","floor":20.0,"gold_loss":0.0,"damage_taken":29.0}],"is_beta":false,"boss_relics":[{"not_picked":["Philosopher\u0027s Stone","White Beast Statue"],"picked":"Cursed Key"}],"items_purged_floors":[21],"is_endless":false,"potions_floor_spawned":[4,5,14,16],"killed_by":"Slavers","ascension_level":20}