{"gold_per_floor":[116,132,132,132,143,177,177,191,218,230,36,36,62,82,82,161,161,179,192,207,222,239,274,274,34,61,161,187,187,187,16,16,95,95,108,158,168,178,188,188,198,198,198,198,198,114,114,124,124,124,124],"floor_reached":51,"playtime":3181,"items_purged":["Battle Trance"],"score":1298,"play_id":"a5d84a60-2dc1-4f83-829a-7adc9c07f479","local_time":"20190908210959","is_ascension_mode":true,"campfire_choices":[{"floor":7,"key":"REST"},{"floor":12,"key":"REST"},{"data":"Bash","floor":15,"key":"SMITH"},{"floor":24,"key":"REST"},{"floor":29,"key":"REST"},{"data":"Demon Form","floor":32,"key":"SMITH"},{"floor":40,"key":"REST"},{"data":"Disarm","floor":42,"key":"SMITH"},{"data":"Armaments","floor":47,"key":"SMITH"},{"data":"Shockwave","floor":49,"key":"SMITH"}],"neow_cost":"NONE","seed_source_timestamp":1784081401338900,"circlet_count":0,"master_deck":["AscendersBane","Bash+1","Anger","Rampage","Shrug It Off","Shockwave+1","Shrug It Off","Battle Trance","True Grit","Immolate","Sword Boomerang","Carnage+1","Armaments+1","Fiend Fire+1","Demon Form+1","Pummel","Battle Trance","Shrug It Off","Seeing Red+1","Metallicize","Feel No Pain","Spot Weakness","Disarm+1","Brutality","Offering+1","True Grit+1","Reckless Charge","Corruption"],"relics":["Burning Blood","Blood Vial","Vajra","Red Skull","Bronze Scales","Pandora\u0027s Box","StoneCalendar","Whetstone","Charon\u0027s Ashes","Self Forming Clay","Omamori","Sozu","War Paint"],"potions_floor_usage":[6,6,16,23,27,27,33,33,50],"damage_taken":[{"damage":14,"enemies":"Jaw Worm","floor":1,"turns":4},{"damage":0,"enemies":"Cultist","floor":2,"turns":3},{"damage":11,"enemies":"Small Slimes","floor":5,"turns":3},{"damage":27,"enemies":"3 Sentries","floor":6,"turns":9},{"damage":18,"enemies":"Exordium Thugs","floor":8,"turns":5},{"damage":18,"enemies":"Gremlin Gang","floor":10,"turns":5},{"damage":14,"enemies":"Lagavulin","floor":13,"turns":5},{"damage":0,"enemies":"3 Louse","floor":14,"turns":2},{"damage":26,"enemies":"Slime Boss","floor":16,"turns":7},{"damage":0,"enemies":"3 Byrds","floor":18,"turns":2},{"damage":19,"enemies":"Spheric Guardian","floor":19,"turns":5},{"damage":7,"enemies":"Snecko","floor":20,"turns":4},{"damage":9,"enemies":"Chosen and Byrds","floor":21,"turns":4},{"damage":32,"enemies":"Sentry and Sphere","floor":22,"turns":6},{"damage":31,"enemies":"Slavers","floor":23,"turns":4},{"damage":21,"enemies":"Colosseum Slavers","floor":27,"turns":4},{"damage":7,"enemies":"Colosseum Nobs","floor":27,"turns":4},{"damage":33,"enemies":"Book of Stabbing","floor":28,"turns":4},{"damage":30,"enemies":"Collector","floor":33,"turns":8},{"damage":6,"enemies":"Orb Walker","floor":35,"turns":3},{"damage":2,"enemies":"3 Shapes","floor":37,"turns":3},{"damage":31,"enemies":"3 Darklings","floor":38,"turns":4},{"damage":11,"enemies":"Transient","floor":39,"turns":6},{"damage":26,"enemies":"Maw","floor":41,"turns":5},{"damage":7,"enemies":"3 Darklings","floor":48,"turns":3},{"damage":64,"enemies":"Time Eater","floor":50,"turns":7},{"damage":24,"enemies":"Awakened One","floor":51,"turns":2}],"seed_played":"-8913362614280069501","potions_obtained":[{"floor":1,"key":"SteroidPotion"},{"floor":2,"key":"Explosive Potion"},{"floor":6,"key":"Dexterity Potion"},{"floor":10,"key":"Dexterity Potion"},{"floor":14,"key":"Explosive Potion"},{"floor":16,"key":"PowerPotion"},{"floor":20,"key":"Swift Potion"},{"floor":28,"key":"Energy Potion"},{"floor":30,"key":"Regen Potion"},{"floor":33,"key":"Swift Potion"}],"is_trial":false,"path_per_floor":["M","M","?","?","M","E","R","M","T","M","$","R","E","M","R","B",null,"M","M","M","M","M","E","R","$","T","?","E","R","?","$","R","B",null,"M","?","M","M","M","R","M","R","T","?","?","$","R","M","R","B","B"],"character_chosen":"IRONCLAD","items_purchased":["Red Skull","Battle Trance","Feel No Pain","BloodPotion","Disarm","Brutality","Corruption"],"campfire_rested":5,"item_purchase_floors":[11,11,25,25,31,31,46],"current_hp_per_floor":[67,73,48,48,43,22,46,36,36,26,26,50,44,52,52,34,70,78,67,68,67,43,20,44,44,44,52,27,51,51,51,51,44,73,75,75,81,57,54,78,60,60,60,76,71,71,71,72,72,16,0],"gold":124,"neow_bonus":"TEN_PERCENT_HP_BONUS","is_prod":false,"is_daily":false,"chose_seed":false,"campfire_upgraded":5,"win_rate":0,"timestamp":1567973399,"path_taken":["M","M","?","?","M","E","R","?","T","M","$","R","E","M","R","BOSS","M","?","M","?","M","E","R","?","T","?","E","R","?","$","R","BOSS","M","?","M","?","M","R","M","R","T","?","?","$","R","M","R","BOSS","BOSS"],"build_version":"2019-08-26","purchased_purges":1,"victory":false,"max_hp_per_floor":[82,82,82,82,82,82,82,82,82,82,82,82,82,82,82,82,82,82,82,82,82,82,82,82,82,82,82,82,82,82,82,82,82,82,82,82,82,82,82,82,82,82,82,82,82,82,82,82,82,82,82],"card_choices":[{"not_picked":["Infernal Blade","Flex"],"picked":"Anger","floor":1},{"not_picked":["Sentinel","Heavy Blade"],"picked":"Rampage","floor":2},{"not_picked":["Hemokinesis","Body Slam","Flex"],"picked":"SKIP","floor":5},{"not_picked":["Second Wind","Sentinel"],"picked":"Shrug It Off","floor":6},{"not_picked":["Second Wind","Rage"],"picked":"Shockwave","floor":8},{"not_picked":["Flex","Metallicize"],"picked":"Shrug It Off","floor":10},{"not_picked":["Dual Wield","Rupture"],"picked":"True Grit","floor":13},{"not_picked":["Barricade","Rampage","Havoc"],"picked":"SKIP","floor":14},{"not_picked":["Limit Break","Double Tap"],"picked":"Immolate","floor":16},{"not_picked":["Rupture","Pommel Strike","Evolve"],"picked":"SKIP","floor":18},{"not_picked":["Warcry","Rupture+1","Battle Trance"],"picked":"SKIP","floor":19},{"not_picked":["Heavy Blade","Iron Wave","Second Wind"],"picked":"SKIP","floor":20},{"not_picked":["Berserk","Anger"],"picked":"Shrug It Off","floor":21},{"not_picked":["Havoc","Sever Soul"],"picked":"Seeing Red","floor":22},{"not_picked":["Bludgeon","Thunderclap"],"picked":"Metallicize","floor":23},{"not_picked":["Twin Strike","Anger"],"picked":"Spot Weakness","floor":27},{"not_picked":["Spot Weakness","Body Slam","Clothesline"],"picked":"SKIP","floor":28},{"not_picked":["Immolate","Feed"],"picked":"Offering","floor":33},{"not_picked":["Entrench","Anger+1","Body Slam"],"picked":"SKIP","floor":35},{"not_picked":["Blood for Blood","Armaments","True Grit"],"picked":"SKIP","floor":37},{"not_picked":["Bloodletting","Havoc"],"picked":"True Grit+1","floor":38},{"not_picked":["Dropkick","Pummel"],"picked":"Reckless Charge","floor":39},{"not_picked":["Sword Boomerang","Hemokinesis","Dropkick+1"],"picked":"SKIP","floor":41},{"not_picked":["Perfected Strike+1","Flame Barrier","Shrug It Off"],"picked":"SKIP","floor":48}],"player_experience":1661204,"relics_obtained":[{"floor":6,"key":"Blood Vial"},{"floor":9,"key":"Vajra"},{"floor":13,"key":"Bronze Scales"},{"floor":23,"key":"StoneCalendar"},{"floor":26,"key":"Whetstone"},{"floor":27,"key":"Charon\u0027s Ashes"},{"floor":27,"key":"Self Forming Clay"},{"floor":28,"key":"Omamori"},{"floor":43,"key":"War Paint"}],"event_choices":[{"damage_healed":0,"gold_gain":0,"player_choice":"Entered Light","damage_taken":25,"max_hp_gain":0,"max_hp_loss":0,"event_name":"Shining Light","floor":3,"gold_loss":0,"cards_upgraded":["Defend_R","Strike_R"]},{"cards_removed":["Strike_R"],"damage_healed":0,"gold_gain":0,"player_choice":"Offered Basic","damage_taken":0,"max_hp_gain":0,"max_hp_loss":0,"event_name":"Bonfire Elementals","floor":4,"gold_loss":0},{"damage_healed":0,"gold_gain":0,"player_choice":"Fight","damage_taken":0,"max_hp_gain":0,"max_hp_loss":0,"event_name":"Colosseum","floor":27,"gold_loss":0},{"damage_healed":0,"gold_gain":0,"player_choice":"Fought Nobs","damage_taken":0,"max_hp_gain":0,"max_hp_loss":0,"event_name":"Colosseum","floor":27,"gold_loss":0},{"damage_healed":0,"gold_gain":0,"player_choice":"Got Potions","damage_taken":0,"max_hp_gain":0,"max_hp_loss":0,"event_name":"Lab","floor":30,"gold_loss":0},{"damage_healed":0,"gold_gain":50,"player_choice":"Pray","damage_taken":0,"max_hp_gain":0,"max_hp_loss":0,"event_name":"Golden Shrine","floor":36,"gold_loss":0},{"damage_healed":16,"gold_gain":0,"player_choice":"Writhe","damage_taken":0,"max_hp_gain":0,"max_hp_loss":0,"event_name":"Winding Halls","floor":44,"gold_loss":0,"cards_obtained":["Writhe"]},{"damage_healed":0,"gold_gain":0,"player_choice":"Bought 0 Potions","damage_taken":0,"max_hp_gain":0,"max_hp_loss":0,"event_name":"The Woman in Blue","floor":45,"gold_loss":0}],"is_beta":true,"boss_relics":[{"not_picked":["Tiny House","Busted Crown"],"picked":"Pandora\u0027s Box"},{"not_picked":["Eternal Feather","Coffee Dripper"],"picked":"Sozu"}],"items_purged_floors":[25],"is_endless":false,"potions_floor_spawned":[1,2,6,10,14,16,20,21,27,28,33,38,39,48],"killed_by":"Awakened One","ascension_level":20}