{"gold_per_floor":[210,210,210,224,20,55,55,84,84,84],"floor_reached":10,"playtime":373,"items_purged":["Strike_R"],"score":148,"play_id":"c763009c-0f56-4736-bd08-6aef259127b2","local_time":"20190828235620","is_ascension_mode":true,"campfire_choices":[{"floor":7,"key":"REST"}],"neow_cost":"NONE","seed_source_timestamp":846467450770700,"circlet_count":0,"master_deck":["AscendersBane","Strike_R","Strike_R","Strike_R","Strike_R","Defend_R","Defend_R","Defend_R","Bash","Sword Boomerang","Spot Weakness","Sword Boomerang","Evolve","Flame Barrier","Disarm"],"relics":["Burning Blood","Gremlin Horn","Smiling Mask","Self Forming Clay","Shuriken"],"potions_floor_usage":[],"damage_taken":[{"damage":5,"enemies":"Small Slimes","floor":1,"turns":3},{"damage":6,"enemies":"2 Louse","floor":4,"turns":3},{"damage":54,"enemies":"Lagavulin","floor":6,"turns":7},{"damage":30,"enemies":"3 Sentries","floor":8,"turns":6},{"damage":33,"enemies":"Gremlin Nob","floor":10,"turns":3}],"seed_played":"-6208211026866261689","potions_obtained":[],"is_trial":false,"path_per_floor":["M","?","?","M","$","E","R","E","T","E"],"character_chosen":"IRONCLAD","items_purchased":["Sword Boomerang","Evolve"],"campfire_rested":1,"item_purchase_floors":[5,5],"current_hp_per_floor":[69,64,64,64,64,16,38,14,14,0],"gold":84,"neow_bonus":"HUNDRED_GOLD","is_prod":false,"is_daily":false,"chose_seed":false,"campfire_upgraded":0,"win_rate":0,"timestamp":1567032980,"path_taken":["M","?","?","M","$","E","R","E","T","E"],"build_version":"2019-07-17","purchased_purges":1,"victory":false,"max_hp_per_floor":[75,75,75,75,75,75,75,75,75,75],"card_choices":[{"not_picked":["Twin Strike","Havoc"],"picked":"Sword Boomerang","floor":1},{"not_picked":["Headbutt","Twin Strike"],"picked":"Spot Weakness","floor":4},{"not_picked":["Iron Wave","Armaments"],"picked":"Flame Barrier","floor":6},{"not_picked":["Havoc","Clash"],"picked":"Disarm","floor":8}],"player_experience":1558200,"relics_obtained":[{"floor":6,"key":"Smiling Mask"},{"floor":8,"key":"Self Forming Clay"},{"floor":9,"key":"Shuriken"}],"event_choices":[{"damage_healed":0,"gold_gain":0,"player_choice":"Success","damage_taken":5,"relics_obtained":["Gremlin Horn"],"max_hp_gain":0,"max_hp_loss":0,"event_name":"Scrap Ooze","floor":2,"gold_loss":0},{"cards_removed":["Defend_R"],"damage_healed":0,"gold_gain":0,"player_choice":"Offered Basic","damage_taken":0,"max_hp_gain":0,"max_hp_loss":0,"event_name":"Bonfire Elementals","floor":3,"gold_loss":0}],"is_beta":false,"boss_relics":[],"items_purged_floors":[5],"is_endless":false,"potions_floor_spawned":[],"killed_by":"Gremlin Nob","ascension_level":20}