{"gold_per_floor":[117,42,54,74,74,108,108,119,170,4,30,90,90,40,40,117,117,131,146,164,247,222,222,256,256,329,343,370,370,397,22,22,99,99,110,160,235,249,299,325,395,445,445,455,470,470,495,0,0,0,0,0,0,0,26,26],"floor_reached":56,"playtime":4519,"items_purged":["Strike_R","Strike_R","Strike_R"],"score":1921,"play_id":"2c2538a8-a424-4d4e-b228-b79e4a198635","local_time":"20200123213531","is_ascension_mode":true,"campfire_choices":[{"data":"Uppercut","floor":7,"key":"SMITH"},{"data":"Inflame","floor":13,"key":"SMITH"},{"data":"Flex","floor":15,"key":"SMITH"},{"floor":23,"key":"REST"},{"data":"Fiend Fire","floor":25,"key":"SMITH"},{"data":"Sword Boomerang","floor":29,"key":"SMITH"},{"floor":32,"key":"REST"},{"floor":46,"key":"RECALL"},{"data":"Disarm","floor":49,"key":"SMITH"},{"data":"Battle Trance","floor":53,"key":"SMITH"}],"neow_cost":"NONE","seed_source_timestamp":753933410855800,"circlet_count":0,"master_deck":["AscendersBane","Strike_R","Defend_R","Defend_R","Defend_R","Defend_R","Bash","Double Tap","Headbutt","Flex+1","Uppercut+1","Battle Trance","Inflame+1","Sword Boomerang+1","Twin Strike","Fiend Fire+1","Power Through","Dark Embrace","Shrug It Off","Metallicize","Reaper","Battle Trance+1","Metallicize+1","Limit Break+1","Burning Pact+1","Master of Strategy","Deep Breath","Flame Barrier","Disarm+1","Shrug It Off"],"relics":["Burning Blood","SsserpentHead","Letter Opener","Medical Kit","Strawberry","Mark of Pain","Red Mask","Magic Flower","Pear","PreservedInsect","Frozen Egg 2","Pantograph","Coffee Dripper","Incense Burner","Charon\u0027s Ashes","Akabeko","StrikeDummy","InkBottle","Centennial Puzzle"],"potions_floor_usage":[12,18,19,24,30,30,33,44,44,50,50,56],"damage_taken":[{"damage":9,"enemies":"2 Louse","floor":1,"turns":4},{"damage":6,"enemies":"Cultist","floor":3,"turns":3},{"damage":2,"enemies":"Jaw Worm","floor":4,"turns":3},{"damage":40,"enemies":"Lagavulin","floor":6,"turns":6},{"damage":5,"enemies":"2 Fungi Beasts","floor":8,"turns":4},{"damage":35,"enemies":"3 Sentries","floor":11,"turns":7},{"damage":3,"enemies":"Exordium Wildlife","floor":12,"turns":2},{"damage":9,"enemies":"Hexaghost","floor":16,"turns":7},{"damage":15,"enemies":"3 Byrds","floor":18,"turns":5},{"damage":2,"enemies":"2 Thieves","floor":19,"turns":4},{"damage":13,"enemies":"Snecko","floor":20,"turns":4},{"damage":32,"enemies":"Masked Bandits","floor":21,"turns":5},{"damage":15,"enemies":"Book of Stabbing","floor":24,"turns":4},{"damage":22,"enemies":"Chosen and Byrds","floor":27,"turns":7},{"damage":12,"enemies":"Gremlin Leader","floor":28,"turns":8},{"damage":11,"enemies":"Slavers","floor":30,"turns":3},{"damage":22,"enemies":"Champ","floor":33,"turns":8},{"damage":15,"enemies":"3 Shapes","floor":35,"turns":5},{"damage":6,"enemies":"Mind Bloom Boss Battle","floor":37,"turns":8},{"damage":18,"enemies":"Orb Walker","floor":38,"turns":4},{"damage":18,"enemies":"Giant Head","floor":40,"turns":5},{"damage":18,"enemies":"Spire Growth","floor":41,"turns":5},{"damage":16,"enemies":"Transient","floor":44,"turns":6},{"damage":0,"enemies":"Jaw Worm Horde","floor":45,"turns":3},{"damage":71,"enemies":"Nemesis","floor":47,"turns":5},{"damage":80,"enemies":"Time Eater","floor":50,"turns":15},{"damage":60,"enemies":"Donu and Deca","floor":51,"turns":7},{"damage":86,"enemies":"Shield and Spear","floor":55,"turns":7},{"damage":66,"enemies":"The Heart","floor":56,"turns":5}],"seed_played":"38564829436709628","potions_obtained":[{"floor":6,"key":"LiquidMemories"},{"floor":11,"key":"Dexterity Potion"},{"floor":12,"key":"Weak Potion"},{"floor":16,"key":"PowerPotion"},{"floor":18,"key":"Block Potion"},{"floor":27,"key":"GamblersBrew"},{"floor":28,"key":"Explosive Potion"},{"floor":30,"key":"Strength Potion"},{"floor":38,"key":"FearPotion"},{"floor":41,"key":"AttackPotion"},{"floor":44,"key":"Ancient Potion"},{"floor":45,"key":"Weak Potion"},{"floor":47,"key":"LiquidMemories"},{"floor":55,"key":"GamblersBrew"}],"is_trial":false,"path_per_floor":["M","$","M","M","?","E","R","M","T","$","E","M","R","$","R","B",null,"M","M","M","?","?","R","E","R","T","M","E","R","E","$","R","B",null,"M","?","?","M","?","E","M","?","T","M","M","R","E","$","R","B","B",null,"R","$","E","B"],"character_chosen":"IRONCLAD","items_purchased":["Medical Kit","Pantograph","Battle Trance","Metallicize+1","Disarm","InkBottle"],"campfire_rested":2,"item_purchase_floors":[10,31,31,31,48,48],"current_hp_per_floor":[65,65,65,69,69,35,35,36,36,36,14,17,17,17,17,14,65,56,60,53,27,27,51,42,42,52,39,36,36,34,34,61,79,89,92,87,87,78,78,87,78,68,68,80,87,87,39,39,39,36,47,77,77,77,21,0],"gold":26,"neow_bonus":"ONE_RANDOM_RARE_CARD","is_prod":false,"is_daily":false,"chose_seed":false,"campfire_upgraded":7,"win_rate":0,"timestamp":1579815331,"path_taken":["M","$","M","M","?","E","R","M","T","$","E","?","R","?","R","BOSS","M","M","M","?","?","R","E","R","T","M","E","R","E","?","R","BOSS","M","?","?","M","?","E","?","?","T","M","M","R","E","$","R","BOSS","BOSS","R","$","E","BOSS"],"build_version":"2020-01-21","purchased_purges":3,"victory":false,"max_hp_per_floor":[75,75,75,75,75,75,75,75,75,75,82,82,82,82,82,82,82,82,82,82,82,82,82,82,82,92,92,92,92,92,92,92,92,92,92,87,87,87,87,87,87,87,87,87,87,87,87,87,87,87,87,87,87,87,87,87],"card_choices":[{"not_picked":["Body Slam","Feel No Pain"],"picked":"Headbutt","floor":1},{"not_picked":["Body Slam","Headbutt"],"picked":"Flex","floor":3},{"not_picked":["Wild Strike","Berserk"],"picked":"Uppercut","floor":4},{"not_picked":["Clash","Wild Strike"],"picked":"Battle Trance","floor":6},{"not_picked":["Hemokinesis","Rage"],"picked":"Inflame","floor":8},{"not_picked":["Armaments","Twin Strike"],"picked":"Sword Boomerang","floor":11},{"not_picked":["Pommel Strike","Rampage"],"picked":"Twin Strike","floor":12},{"not_picked":["Impervious","Exhume"],"picked":"Fiend Fire","floor":16},{"not_picked":["Inflame","Armaments"],"picked":"Power Through","floor":18},{"not_picked":["Clash","Thunderclap"],"picked":"Dark Embrace","floor":19},{"not_picked":["Sentinel","Heavy Blade"],"picked":"Shrug It Off","floor":20},{"not_picked":["Armaments","Blood for Blood+1"],"picked":"Metallicize","floor":24},{"not_picked":["Bludgeon","Armaments","Burning Pact"],"picked":"SKIP","floor":27},{"not_picked":["Wild Strike","Headbutt","Iron Wave+1"],"picked":"SKIP","floor":28},{"not_picked":["Demon Form+1","Pommel Strike"],"picked":"Reaper","floor":30},{"not_picked":["Impervious","Barricade+1"],"picked":"Limit Break","floor":33},{"not_picked":["Headbutt","Rampage","Havoc+1"],"picked":"SKIP","floor":35},{"not_picked":["Cleave+1","Searing Blow","Armaments"],"picked":"SKIP","floor":38},{"not_picked":["Feed","Intimidate"],"picked":"Burning Pact+1","floor":40},{"not_picked":["Twin Strike","Iron Wave","Clash+1"],"picked":"SKIP","floor":41},{"not_picked":["Discovery","Panache+1"],"picked":"Master of Strategy","floor":42},{"not_picked":["Secret Technique","Purity"],"picked":"Deep Breath","floor":42},{"not_picked":["Clash+1","Flex"],"picked":"Flame Barrier","floor":44},{"not_picked":["Flex","Havoc","True Grit"],"picked":"SKIP","floor":45},{"not_picked":["Clash","Hemokinesis","Twin Strike"],"picked":"SKIP","floor":47},{"not_picked":["Warcry","Anger"],"picked":"Shrug It Off","floor":55}],"player_experience":2033646,"relics_obtained":[{"floor":6,"key":"Letter Opener"},{"floor":11,"key":"Strawberry"},{"floor":21,"key":"Red Mask"},{"floor":24,"key":"Magic Flower"},{"floor":26,"key":"Pear"},{"floor":28,"key":"PreservedInsect"},{"floor":30,"key":"Frozen Egg 2"},{"floor":37,"key":"Incense Burner"},{"floor":40,"key":"Charon\u0027s Ashes"},{"floor":43,"key":"Akabeko"},{"floor":47,"key":"StrikeDummy"},{"floor":55,"key":"Centennial Puzzle"}],"event_choices":[{"damage_healed":0,"gold_gain":0,"player_choice":"Trade","damage_taken":0,"relics_obtained":["SsserpentHead"],"max_hp_gain":0,"max_hp_loss":0,"event_name":"FaceTrader","floor":5,"gold_loss":0},{"damage_healed":0,"gold_gain":0,"player_choice":"Fought Bandits","damage_taken":0,"max_hp_gain":0,"max_hp_loss":0,"event_name":"Masked Bandits","floor":21,"gold_loss":0},{"cards_removed":["Strike_R"],"damage_healed":0,"gold_gain":0,"player_choice":"Gave Gold","damage_taken":0,"max_hp_gain":0,"max_hp_loss":0,"event_name":"Beggar","floor":22,"gold_loss":75},{"damage_healed":0,"gold_gain":0,"player_choice":"Max HP","damage_taken":0,"max_hp_gain":0,"max_hp_loss":5,"event_name":"Winding Halls","floor":36,"gold_loss":0},{"damage_healed":0,"gold_gain":0,"player_choice":"Fight","damage_taken":0,"max_hp_gain":0,"max_hp_loss":0,"event_name":"MindBloom","floor":37,"gold_loss":0},{"damage_healed":0,"gold_gain":0,"player_choice":"Upgraded","damage_taken":0,"max_hp_gain":0,"max_hp_loss":0,"event_name":"Upgrade Shrine","floor":39,"gold_loss":0,"cards_upgraded":["Limit Break"]},{"damage_healed":0,"gold_gain":0,"player_choice":"Memory 3","damage_taken":10,"max_hp_gain":0,"max_hp_loss":0,"event_name":"SensoryStone","floor":42,"gold_loss":0}],"is_beta":true,"boss_relics":[{"not_picked":["SlaversCollar","Calling Bell"],"picked":"Mark of Pain"},{"not_picked":["Tiny House","Fusion Hammer"],"picked":"Coffee Dripper"}],"items_purged_floors":[2,14,48],"is_endless":false,"potions_floor_spawned":[6,11,12,16,18,27,28,30,38,41,44,45,47,55],"killed_by":"The Heart","ascension_level":20}