{"gold_per_floor":[112,125,136,154,167,167,193,58,85,50,50,50,80,91,91,91],"floor_reached":16,"playtime":874,"items_purged":["Strike_R"],"score":224,"play_id":"4d1d0614-3c2a-420d-95d6-4acb6daa055b","local_time":"20200125085337","is_ascension_mode":true,"campfire_choices":[{"data":"Mayhem","floor":6,"key":"SMITH"},{"data":"Perfected Strike","floor":12,"key":"SMITH"},{"data":"Disarm","floor":15,"key":"SMITH"}],"neow_cost":"PERCENT_DAMAGE","seed_source_timestamp":884626068523000,"circlet_count":0,"master_deck":["AscendersBane","Strike_R","Strike_R","Strike_R","Strike_R","Defend_R","Defend_R","Defend_R","Defend_R","Bash","Mayhem+1","Shrug It Off+1","Perfected Strike+1","Wild Strike","Headbutt","Clothesline+1","Combust","Disarm+1","Shockwave"],"special_seed":0,"relics":["Burning Blood","Smiling Mask","Bag of Preparation","Centennial Puzzle"],"potions_floor_usage":[7,13,16,16],"damage_taken":[{"damage":13.0,"enemies":"Jaw Worm","floor":1.0,"turns":5.0},{"damage":4.0,"enemies":"Small Slimes","floor":2.0,"turns":5.0},{"damage":0,"enemies":"2 Louse","floor":3,"turns":3},{"damage":15,"enemies":"Red Slaver","floor":4,"turns":5},{"damage":11,"enemies":"Blue Slaver","floor":5,"turns":4},{"damage":9,"enemies":"Lagavulin","floor":7,"turns":5},{"damage":14,"enemies":"3 Sentries","floor":13,"turns":7},{"damage":0,"enemies":"Large Slime","floor":14,"turns":5},{"damage":29,"enemies":"Hexaghost","floor":16,"turns":9}],"seed_played":"-4233623764935363675","potions_obtained":[{"floor":3,"key":"PowerPotion"},{"floor":4,"key":"Strength Potion"},{"floor":7,"key":"EssenceOfSteel"},{"floor":14,"key":"Swift Potion"}],"is_trial":false,"path_per_floor":["M","M","M","M","M","R","E","$","T","?","?","R","E","M","R","B"],"character_chosen":"IRONCLAD","items_purchased":["Disarm"],"campfire_rested":0,"item_purchase_floors":[8],"current_hp_per_floor":[43,45,51,42,37,37,34,34,34,52,29,29,21,27,27,0],"gold":91,"neow_bonus":"RANDOM_COLORLESS_2","is_prod":false,"is_daily":false,"chose_seed":false,"campfire_upgraded":3,"win_rate":0,"timestamp":1579942417,"path_taken":["M","M","M","M","M","R","E","$","T","?","?","R","E","M","R","BOSS"],"build_version":"2020-01-21","purchased_purges":1,"victory":false,"max_hp_per_floor":[75,75,75,75,75,75,75,75,75,75,75,75,75,75,75,75],"card_choices":[{"not_picked":["Chrysalis","Thinking Ahead"],"picked":"Mayhem","floor":0.0},{"not_picked":["Reckless Charge","Sever Soul"],"picked":"Shrug It Off","floor":1.0},{"not_picked":["Disarm","Anger"],"picked":"Perfected Strike","floor":2.0},{"not_picked":["Sword Boomerang","Seeing Red"],"picked":"Wild Strike","floor":3},{"not_picked":["Warcry","Evolve"],"picked":"Headbutt","floor":4},{"not_picked":["Clash","Sword Boomerang"],"picked":"Clothesline","floor":5},{"not_picked":["Shrug It Off","Searing Blow"],"picked":"Combust","floor":7},{"not_picked":["Double Tap","Blood for Blood"],"picked":"Shockwave","floor":13},{"not_picked":["Carnage","Blood for Blood","Iron Wave"],"picked":"SKIP","floor":14}],"player_experience":2040500,"relics_obtained":[{"floor":7,"key":"Smiling Mask"},{"floor":9,"key":"Bag of Preparation"},{"floor":13,"key":"Centennial Puzzle"}],"event_choices":[{"damage_healed":18,"gold_gain":0,"player_choice":"Healed","damage_taken":0,"max_hp_gain":0,"max_hp_loss":0,"event_name":"The Cleric","floor":10,"gold_loss":35},{"damage_healed":0,"gold_gain":0,"player_choice":"Entered Light","damage_taken":23,"max_hp_gain":0,"max_hp_loss":0,"event_name":"Shining Light","floor":11,"gold_loss":0,"cards_upgraded":["Shrug It Off","Clothesline"]}],"is_beta":true,"boss_relics":[],"items_purged_floors":[8],"is_endless":false,"potions_floor_spawned":[3,4,7,14],"killed_by":"Hexaghost","ascension_level":20}