{"gold_per_floor":[111,36,111,129,139,139,169,179,479,492,492,81,81,113,113,188,188,206,94,107,107,157,189,189,216,262,278,278,278,310,310,310,310],"floor_reached":33,"playtime":1581,"items_purged":["Strike_R"],"score":582,"play_id":"9b3bafb9-f552-4e48-9d6d-9ce6ddc11d15","local_time":"20200125100832","is_ascension_mode":true,"campfire_choices":[{"data":"Bash","floor":6,"key":"SMITH"},{"data":"Pommel Strike","floor":11,"key":"SMITH"},{"data":"Anger","floor":13,"key":"SMITH"},{"data":"Clothesline","floor":15,"key":"SMITH"},{"floor":24,"key":"REST"},{"data":"Flame Barrier","floor":29,"key":"SMITH"},{"floor":32,"key":"REST"}],"neow_cost":"NONE","seed_source_timestamp":888456745373800,"circlet_count":0,"master_deck":["AscendersBane","Strike_R","Strike_R","Defend_R","Defend_R","Defend_R","Defend_R","Bash+1","Headbutt","Clothesline+1","Anger+1","Ghostly Armor","Pommel Strike+1","Flame Barrier+1","Immolate","Shrug It Off","Shrug It Off","Writhe"],"relics":["Burning Blood","StoneCalendar","Old Coin","PreservedInsect","Bronze Scales","Matryoshka","Velvet Choker","Enchiridion","MealTicket","Nunchaku","Blue Candle","Happy Flower","Vajra","Red Mask"],"potions_floor_usage":[7,16,20,25,25,27,33],"damage_taken":[{"damage":6,"enemies":"Small Slimes","floor":1,"turns":5},{"damage":3,"enemies":"2 Louse","floor":4,"turns":3},{"damage":1,"enemies":"Cultist","floor":5,"turns":3},{"damage":24,"enemies":"Gremlin Nob","floor":7,"turns":4},{"damage":4,"enemies":"Looter","floor":8,"turns":4},{"damage":4,"enemies":"Blue Slaver","floor":10,"turns":4},{"damage":10,"enemies":"3 Sentries","floor":14,"turns":6},{"damage":36,"enemies":"Slime Boss","floor":16,"turns":7},{"damage":22,"enemies":"2 Thieves","floor":18,"turns":3},{"damage":0,"enemies":"Spheric Guardian","floor":20,"turns":3},{"damage":12,"enemies":"Gremlin Leader","floor":23,"turns":5},{"damage":24,"enemies":"Slavers","floor":25,"turns":6},{"damage":0,"enemies":"Snecko","floor":27,"turns":4},{"damage":0,"enemies":"Masked Bandits","floor":30,"turns":2},{"damage":82,"enemies":"Automaton","floor":33,"turns":8}],"seed_played":"4721418337842400231","potions_obtained":[{"floor":4,"key":"Energy Potion"},{"floor":5,"key":"CultistPotion"},{"floor":7,"key":"Swift Potion"},{"floor":23,"key":"Dexterity Potion"},{"floor":25,"key":"Fruit Juice"},{"floor":27,"key":"Strength Potion"}],"is_trial":false,"path_per_floor":["M","?","?","M","M","R","E","M","T","M","R","$","R","E","R","B",null,"M","$","M","?","?","E","R","E","T","M","?","R","?","?","R","B"],"character_chosen":"IRONCLAD","items_purchased":["PreservedInsect","Bronze Scales","Shrug It Off","SteroidPotion"],"campfire_rested":2,"item_purchase_floors":[12,12,19,19],"current_hp_per_floor":[68,68,57,60,65,65,47,49,49,51,51,51,51,47,47,17,61,45,45,51,30,30,24,46,28,28,39,39,39,45,45,69,0],"gold":310,"neow_bonus":"REMOVE_CARD","is_prod":false,"is_daily":false,"chose_seed":false,"campfire_upgraded":5,"win_rate":0,"timestamp":1579946912,"path_taken":["M","?","?","M","M","R","E","M","T","M","R","$","R","E","R","BOSS","M","$","M","?","?","E","R","E","T","?","?","R","?","?","R","BOSS"],"build_version":"2020-01-21","purchased_purges":1,"victory":false,"max_hp_per_floor":[75,75,75,75,75,75,75,75,75,75,75,75,75,75,75,75,75,75,75,75,75,75,75,75,75,75,80,80,80,80,80,80,80],"card_choices":[{"not_picked":["Burning Pact","Power Through"],"picked":"Headbutt","floor":1},{"not_picked":["Thunderclap","Infernal Blade"],"picked":"Clothesline","floor":4},{"not_picked":["Perfected Strike","Intimidate"],"picked":"Anger","floor":5},{"not_picked":["True Grit","Headbutt"],"picked":"Ghostly Armor","floor":7},{"not_picked":["Feel No Pain","Rupture"],"picked":"Pommel Strike","floor":8},{"not_picked":["Metallicize","Infernal Blade"],"picked":"Flame Barrier","floor":10},{"not_picked":["Hemokinesis","Dark Embrace","True Grit"],"picked":"SKIP","floor":14},{"not_picked":["Feed","Barricade"],"picked":"Immolate","floor":16},{"not_picked":["Shockwave","Iron Wave"],"picked":"Shrug It Off","floor":18},{"not_picked":["Dropkick","Warcry","Pommel Strike"],"picked":"SKIP","floor":20},{"not_picked":["Entrench","Flex","Wild Strike"],"picked":"SKIP","floor":23},{"not_picked":["Iron Wave","Heavy Blade","Clothesline+1"],"picked":"SKIP","floor":25},{"not_picked":["Anger","Iron Wave","Uppercut"],"picked":"SKIP","floor":27}],"player_experience":2043874,"relics_obtained":[{"floor":7,"key":"StoneCalendar"},{"floor":9,"key":"Old Coin"},{"floor":14,"key":"Matryoshka"},{"floor":21,"key":"Enchiridion"},{"floor":23,"key":"MealTicket"},{"floor":25,"key":"Nunchaku"},{"floor":26,"key":"Blue Candle"},{"floor":26,"key":"Happy Flower"},{"floor":30,"key":"Red Mask"}],"event_choices":[{"cards_removed":["Strike_R"],"damage_healed":0,"gold_gain":0,"player_choice":"Card Removal","damage_taken":0,"max_hp_gain":0,"max_hp_loss":0,"event_name":"The Cleric","floor":2,"gold_loss":75},{"damage_healed":0,"gold_gain":75,"player_choice":"Gather Gold","damage_taken":11,"max_hp_gain":0,"max_hp_loss":0,"event_name":"World of Goop","floor":3,"gold_loss":0},{"damage_healed":0,"gold_gain":0,"player_choice":"Obtained Book","damage_taken":21,"max_hp_gain":0,"max_hp_loss":0,"event_name":"Cursed Tome","floor":21,"gold_loss":0},{"damage_healed":0,"gold_gain":100,"player_choice":"Bet on Murderer","damage_taken":0,"max_hp_gain":0,"max_hp_loss":0,"event_name":"The Joust","floor":22,"gold_loss":50},{"damage_healed":0,"gold_gain":0,"player_choice":"Opened","damage_taken":0,"relics_obtained":["Vajra"],"max_hp_gain":0,"max_hp_loss":0,"event_name":"The Mausoleum","floor":28,"gold_loss":0,"cards_obtained":["Writhe"]},{"damage_healed":0,"gold_gain":0,"player_choice":"Fought Bandits","damage_taken":0,"max_hp_gain":0,"max_hp_loss":0,"event_name":"Masked Bandits","floor":30,"gold_loss":0},{"damage_healed":0,"gold_gain":0,"player_choice":"Ignored","damage_taken":0,"max_hp_gain":0,"max_hp_loss":0,"event_name":"Ghosts","floor":31,"gold_loss":0}],"is_beta":true,"boss_relics":[{"not_picked":["Runic Dome","Tiny House"],"picked":"Velvet Choker"}],"items_purged_floors":[12],"is_endless":false,"potions_floor_spawned":[4,5,7,8,23,25,27],"killed_by":"Automaton","ascension_level":20}