{"gold_per_floor":[116,129,42,58,71,105,105,144,144,144],"floor_reached":10,"playtime":528,"items_purged":[],"score":156,"play_id":"457c3e9a-5306-4a72-9722-8174689f76d8","local_time":"20200126102042","is_ascension_mode":true,"campfire_choices":[],"neow_cost":"NONE","seed_source_timestamp":976640754956500,"circlet_count":0,"master_deck":["AscendersBane","Strike_R","Strike_R","Strike_R","Strike_R","Strike_R","Defend_R","Defend_R","Defend_R","Defend_R","Bash+1","Feel No Pain","Cleave","Spot Weakness","Perfected Strike","Clothesline"],"relics":["Burning Blood","Oddly Smooth Stone","Golden Idol","MealTicket","Dream Catcher"],"potions_floor_usage":[6,10],"damage_taken":[{"damage":6,"enemies":"Cultist","floor":1,"turns":3},{"damage":4,"enemies":"2 Louse","floor":2,"turns":4},{"damage":4,"enemies":"Small Slimes","floor":4,"turns":3},{"damage":14,"enemies":"3 Louse","floor":5,"turns":4},{"damage":24,"enemies":"Gremlin Nob","floor":6,"turns":4},{"damage":43,"enemies":"Lagavulin","floor":8,"turns":6},{"damage":10,"enemies":"Blue Slaver","floor":10,"turns":1}],"seed_played":"7392266085951682606","potions_obtained":[{"floor":4,"key":"Dexterity Potion"},{"floor":5,"key":"GamblersBrew"},{"floor":8,"key":"PowerPotion"}],"is_trial":false,"path_per_floor":["M","M","$","M","M","E","?","E","T","M"],"character_chosen":"IRONCLAD","items_purchased":["Spot Weakness"],"campfire_rested":0,"item_purchase_floors":[3],"current_hp_per_floor":[68,70,70,72,64,46,46,9,9,0],"gold":144,"neow_bonus":"UPGRADE_CARD","is_prod":false,"is_daily":false,"chose_seed":false,"campfire_upgraded":0,"win_rate":0,"timestamp":1580034042,"path_taken":["M","M","$","?","M","E","?","E","T","M"],"build_version":"2020-01-21","purchased_purges":0,"victory":false,"max_hp_per_floor":[75,75,75,75,75,75,68,68,68,68],"card_choices":[{"not_picked":["Body Slam","True Grit"],"picked":"Feel No Pain","floor":1},{"not_picked":["Evolve","Shrug It Off"],"picked":"Cleave","floor":2},{"not_picked":["Hemokinesis","Double Tap"],"picked":"Perfected Strike","floor":4},{"not_picked":["True Grit","Evolve"],"picked":"Clothesline","floor":5},{"not_picked":["Shockwave","Wild Strike","Thunderclap"],"picked":"SKIP","floor":6},{"not_picked":["Body Slam","Bloodletting","Exhume"],"picked":"SKIP","floor":8}],"player_experience":2059077,"relics_obtained":[{"floor":6,"key":"Oddly Smooth Stone"},{"floor":8,"key":"MealTicket"},{"floor":9,"key":"Dream Catcher"}],"event_choices":[{"damage_healed":0,"gold_gain":0,"player_choice":"Lose Max HP","damage_taken":0,"relics_obtained":["Golden Idol"],"max_hp_gain":0,"max_hp_loss":7,"event_name":"Golden Idol","floor":7,"gold_loss":0}],"is_beta":true,"boss_relics":[],"items_purged_floors":[],"is_endless":false,"potions_floor_spawned":[4,5,8],"killed_by":"Blue Slaver","ascension_level":20}