{"gold_per_floor":[113,126,126,43,61,61,86,11,34,65,65,87,120,131,131,208,208,218,232,249,14,30,30,62,62,62,90,34,68,68,68,68,68],"floor_reached":33,"playtime":3157,"items_purged":["Strike_R"],"score":642,"play_id":"1a0d3102-d57c-4c64-9a6a-012723c12deb","local_time":"20200126143107","is_ascension_mode":true,"campfire_choices":[{"data":"Bash","floor":6.0,"key":"SMITH"},{"data":"Fire Breathing","floor":11,"key":"SMITH"},{"data":"Power Through","floor":15,"key":"SMITH"},{"floor":23,"key":"REST"},{"data":"Barricade","floor":30,"key":"SMITH"},{"data":"Fiend Fire","floor":32,"key":"SMITH"}],"neow_cost":"NONE","seed_source_timestamp":989011171948100,"circlet_count":0,"master_deck":["AscendersBane","Strike_R","Strike_R","Defend_R","Defend_R","Defend_R","Defend_R","Bash+1","Fire Breathing+1","Clothesline","Anger","Evolve","Shrug It Off","Feel No Pain","Power Through+1","Shrug It Off","Warcry","Wild Strike","Fiend Fire+1","Barricade+1","Evolve"],"special_seed":0,"relics":["Burning Blood","Strawberry","MealTicket","Akabeko","Letter Opener","Odd Mushroom","FossilizedHelix","Velvet Choker","OrangePellets","Ornamental Fan","InkBottle","Peace Pipe","Champion Belt"],"potions_floor_usage":[13,16,19,24,24,27,29],"damage_taken":[{"damage":8.0,"enemies":"2 Louse","floor":1.0,"turns":5.0},{"damage":7.0,"enemies":"Small Slimes","floor":2.0,"turns":4.0},{"damage":1.0,"enemies":"Cultist","floor":5.0,"turns":3.0},{"damage":35.0,"enemies":"Lagavulin","floor":7.0,"turns":6.0},{"damage":26,"enemies":"Gremlin Nob","floor":10,"turns":4},{"damage":6,"enemies":"The Mushroom Lair","floor":12,"turns":4},{"damage":12,"enemies":"Lagavulin","floor":13,"turns":7},{"damage":0,"enemies":"Red Slaver","floor":14,"turns":4},{"damage":17,"enemies":"Hexaghost","floor":16,"turns":9},{"damage":32,"enemies":"Spheric Guardian","floor":18,"turns":6},{"damage":12,"enemies":"3 Byrds","floor":19,"turns":6},{"damage":8,"enemies":"Snake Plant","floor":20,"turns":6},{"damage":4,"enemies":"Cultist and Chosen","floor":22,"turns":7},{"damage":16,"enemies":"Book of Stabbing","floor":24,"turns":6},{"damage":14,"enemies":"Slavers","floor":27,"turns":4},{"damage":21,"enemies":"Book of Stabbing","floor":29,"turns":5},{"damage":62,"enemies":"Automaton","floor":33,"turns":6}],"seed_played":"7787938111356197952","potions_obtained":[{"floor":7.0,"key":"PowerPotion"},{"floor":13,"key":"Fire Potion"},{"floor":16,"key":"Fire Potion"},{"floor":19,"key":"GamblersBrew"},{"floor":24,"key":"FearPotion"}],"is_trial":false,"path_per_floor":["M","M","?","$","M","R","E","?","T","E","R","?","E","M","R","B",null,"M","M","M","$","M","R","E","?","T","E","$","E","R","?","R","B"],"character_chosen":"IRONCLAD","items_purchased":["Anger","FearPotion","OrangePellets","Strength Potion"],"campfire_rested":1,"item_purchase_floors":[4,4,21,28],"current_hp_per_floor":[73,72,77,77,82,82,53,53,53,33,33,33,27,33,33,22,71,45,39,37,52,54,80,70,70,70,62,77,62,62,62,62,0],"gold":68,"neow_bonus":"RANDOM_COMMON_RELIC","is_prod":false,"is_daily":false,"chose_seed":false,"campfire_upgraded":5,"win_rate":0,"timestamp":1580049067,"path_taken":["M","M","?","$","M","R","E","?","T","E","R","?","E","M","R","BOSS","M","M","M","$","M","R","E","?","T","E","$","E","R","?","R","BOSS"],"build_version":"2020-01-21","purchased_purges":1,"victory":false,"max_hp_per_floor":[82,82,87,87,87,87,87,87,87,87,87,87,87,87,87,87,87,87,87,87,87,87,87,87,87,87,87,87,87,87,87,87,87],"card_choices":[{"not_picked":["Wild Strike","Sever Soul"],"picked":"Fire Breathing","floor":1.0},{"not_picked":["Perfected Strike","Flame Barrier"],"picked":"Clothesline","floor":2.0},{"not_picked":["Flex","Anger","Rupture"],"picked":"SKIP","floor":5.0},{"not_picked":["Armaments","Juggernaut"],"picked":"Evolve","floor":7.0},{"not_picked":["Armaments","Flex"],"picked":"Shrug It Off","floor":10},{"not_picked":["Inflame","Cleave"],"picked":"Feel No Pain","floor":13},{"not_picked":["Spot Weakness","True Grit"],"picked":"Power Through","floor":14},{"not_picked":["Twin Strike","Pommel Strike+1"],"picked":"Shrug It Off","floor":18},{"not_picked":["Anger+1","Inflame","Spot Weakness"],"picked":"SKIP","floor":19},{"not_picked":["Rage","True Grit","Armaments"],"picked":"SKIP","floor":20},{"not_picked":["Infernal Blade","Cleave"],"picked":"Warcry","floor":22},{"not_picked":["Infernal Blade","Reaper","Body Slam"],"picked":"SKIP","floor":24},{"not_picked":["Sword Boomerang","Heavy Blade"],"picked":"Fiend Fire","floor":27},{"not_picked":["Shrug It Off","Flex"],"picked":"Barricade","floor":29}],"player_experience":2066219,"relics_obtained":[{"floor":7.0,"key":"MealTicket"},{"floor":9,"key":"Akabeko"},{"floor":10,"key":"Letter Opener"},{"floor":12,"key":"Odd Mushroom"},{"floor":13,"key":"FossilizedHelix"},{"floor":24,"key":"Ornamental Fan"},{"floor":26,"key":"InkBottle"},{"floor":27,"key":"Peace Pipe"},{"floor":29,"key":"Champion Belt"}],"event_choices":[{"damage_healed":0.0,"max_hp_gain":5.0,"max_hp_loss":0.0,"gold_gain":0.0,"event_name":"Big Fish","player_choice":"Donut","floor":3.0,"gold_loss":0.0,"damage_taken":0.0},{"cards_removed":["Strike_R"],"damage_healed":0,"gold_gain":0,"player_choice":"Card Removal","damage_taken":0,"max_hp_gain":0,"max_hp_loss":0,"event_name":"The Cleric","floor":8,"gold_loss":75},{"damage_healed":0,"gold_gain":0,"player_choice":"Fought Mushrooms","damage_taken":0,"max_hp_gain":0,"max_hp_loss":0,"event_name":"Mushrooms","floor":12,"gold_loss":0},{"damage_healed":0,"gold_gain":0,"player_choice":"Read","damage_taken":0,"max_hp_gain":0,"max_hp_loss":0,"event_name":"The Library","floor":25,"gold_loss":0,"cards_obtained":["Wild Strike"]},{"damage_healed":0,"gold_gain":0,"cards_transformed":["Strike_R"],"player_choice":"Transformed","damage_taken":0,"max_hp_gain":0,"max_hp_loss":0,"event_name":"Transmorgrifier","floor":31,"gold_loss":0,"cards_obtained":["Evolve"]}],"is_beta":true,"boss_relics":[{"not_picked":["Black Blood","SlaversCollar"],"picked":"Velvet Choker"}],"items_purged_floors":[21],"is_endless":false,"potions_floor_spawned":[7,10,12,13,16,18,19,24],"killed_by":"Automaton","ascension_level":20}