{"gold_per_floor":[115,134,104,22,22,55,55,15,90,90,103,8,38,38,38,137,137,155,155,155,181,27,27,41,41,65,75,105,119,19,38,38,38],"floor_reached":33,"playtime":2315,"items_purged":["Strike_R","Strike_R"],"score":642,"play_id":"fbcd7f7b-c030-4cd0-accb-6a7b729f48bc","local_time":"20200521191123","is_ascension_mode":true,"campfire_choices":[{"floor":7,"key":"REST"},{"data":"Perfected Strike","floor":10,"key":"SMITH"},{"data":"Bash","floor":15,"key":"SMITH"},{"data":"Inflame","floor":23,"key":"SMITH"},{"data":"Power Through","floor":25,"key":"SMITH"},{"data":"Limit Break","floor":32,"key":"SMITH"}],"neow_cost":"NONE","seed_source_timestamp":2117623218863091,"circlet_count":0,"master_deck":["AscendersBane","Strike_R","Strike_R","Strike_R","Defend_R","Defend_R+1","Defend_R","Defend_R","Bash+1","Shrug It Off","Perfected Strike+1","Clothesline+1","Pommel Strike","Pummel","Battle Trance","Flex","Shrug It Off","Evolve","Offering","Limit Break+1","Power Through+1","Inflame+1","Metallicize","Shrug It Off","Inflame","True Grit"],"relics":["Burning Blood","Boot","Eternal Feather","Sundial","Bloody Idol","Coffee Dripper","Red Mask","Blood Vial","Ornamental Fan"],"potions_floor_usage":[6,13,16,31,31,33],"damage_taken":[{"damage":3,"enemies":"Small Slimes","floor":1,"turns":4},{"damage":3,"enemies":"Cultist","floor":2,"turns":4},{"damage":49,"enemies":"3 Sentries","floor":6,"turns":11},{"damage":0,"enemies":"Jaw Worm","floor":11,"turns":3},{"damage":6,"enemies":"Gremlin Nob","floor":13,"turns":3},{"damage":6,"enemies":"Slime Boss","floor":16,"turns":5},{"damage":22,"enemies":"Shell Parasite","floor":18,"turns":3},{"damage":46,"enemies":"Masked Bandits","floor":21,"turns":5},{"damage":6,"enemies":"Chosen","floor":24,"turns":3},{"damage":13,"enemies":"Centurion and Healer","floor":27,"turns":7},{"damage":37,"enemies":"Slavers","floor":28,"turns":7},{"damage":22,"enemies":"3 Cultists","floor":29,"turns":5},{"damage":16,"enemies":"Snecko","floor":31,"turns":8},{"damage":61,"enemies":"Automaton","floor":33,"turns":6}],"seed_played":"-6255989689780818468","potions_obtained":[{"floor":3,"key":"Strength Potion"},{"floor":3,"key":"Ancient Potion"},{"floor":6,"key":"DistilledChaos"},{"floor":11,"key":"SteroidPotion"},{"floor":13,"key":"BloodPotion"},{"floor":24,"key":"FairyPotion"},{"floor":27,"key":"Weak Potion"},{"floor":31,"key":"SpeedPotion"}],"is_trial":false,"path_per_floor":["M","M","?","$","?","E","R","$","T","R","M","$","E","?","R","B",null,"M","?","?","?","$","R","M","R","T","M","E","M","$","M","R","B"],"character_chosen":"IRONCLAD","items_purchased":["Clothesline","Pommel Strike","Battle Trance","Shrug It Off","Evolve","Inflame"],"campfire_rested":1,"item_purchase_floors":[4,4,8,12,12,22],"current_hp_per_floor":[78,81,81,81,56,13,37,37,37,46,52,52,52,52,64,64,72,56,56,56,21,21,33,38,50,55,55,31,22,22,33,48,0],"gold":38,"neow_bonus":"TEN_PERCENT_HP_BONUS","is_prod":false,"is_daily":false,"chose_seed":false,"campfire_upgraded":5,"win_rate":0,"timestamp":1590113483,"path_taken":["M","M","?","?","?","E","R","$","T","R","M","$","E","?","R","BOSS","M","?","?","?","?","R","M","R","T","M","E","M","$","M","R","BOSS"],"build_version":"2020-01-27","purchased_purges":2,"victory":false,"max_hp_per_floor":[82,82,82,82,82,82,82,82,82,82,82,82,82,74,74,74,74,74,74,74,74,74,74,74,74,74,74,74,74,74,74,74,74],"card_choices":[{"not_picked":["Iron Wave","Intimidate"],"picked":"Shrug It Off","floor":1},{"not_picked":["Thunderclap","Warcry"],"picked":"Perfected Strike","floor":2},{"not_picked":["Second Wind","Havoc"],"picked":"Pummel","floor":6},{"not_picked":["Carnage","Rupture"],"picked":"Flex","floor":11},{"not_picked":["Warcry","Shrug It Off"],"picked":"Offering","floor":13},{"not_picked":["Juggernaut","Barricade"],"picked":"Limit Break","floor":16},{"not_picked":["Searing Blow","Pummel"],"picked":"Power Through","floor":18},{"not_picked":["Perfected Strike","Cleave"],"picked":"Metallicize","floor":24},{"not_picked":["Twin Strike+1","Infernal Blade"],"picked":"Shrug It Off","floor":27},{"not_picked":["Clash","Armaments"],"picked":"Inflame","floor":28},{"not_picked":["Sword Boomerang","Body Slam","Thunderclap"],"picked":"SKIP","floor":29},{"not_picked":["Pommel Strike","Second Wind"],"picked":"True Grit","floor":31}],"player_experience":2359683,"relics_obtained":[{"floor":6,"key":"Boot"},{"floor":9,"key":"Eternal Feather"},{"floor":13,"key":"Sundial"},{"floor":21,"key":"Red Mask"},{"floor":26,"key":"Blood Vial"},{"floor":28,"key":"Ornamental Fan"}],"event_choices":[{"damage_healed":0,"gold_gain":0,"player_choice":"Bought 2 Potions","damage_taken":0,"max_hp_gain":0,"max_hp_loss":0,"event_name":"The Woman in Blue","floor":3,"gold_loss":0},{"damage_healed":0,"gold_gain":0,"player_choice":"Entered Light","damage_taken":25,"max_hp_gain":0,"max_hp_loss":0,"event_name":"Shining Light","floor":5,"gold_loss":0,"cards_upgraded":["Defend_R","Clothesline"]},{"damage_healed":0,"gold_gain":0,"player_choice":"Lose Max HP","damage_taken":0,"relics_obtained":["Golden Idol"],"max_hp_gain":0,"max_hp_loss":8,"event_name":"Golden Idol","floor":14,"gold_loss":0},{"damage_healed":0,"gold_gain":0,"player_choice":"Ignored","damage_taken":0,"max_hp_gain":0,"max_hp_loss":0,"event_name":"Vampires","floor":19,"gold_loss":0},{"damage_healed":0,"gold_gain":0,"player_choice":"Gave Idol","damage_taken":0,"relics_obtained":["Bloody Idol"],"max_hp_gain":0,"max_hp_loss":0,"event_name":"Forgotten Altar","floor":20,"relics_lost":["Golden Idol"],"gold_loss":0},{"damage_healed":0,"gold_gain":0,"player_choice":"Fought Bandits","damage_taken":0,"max_hp_gain":0,"max_hp_loss":0,"event_name":"Masked Bandits","floor":21,"gold_loss":0}],"is_beta":true,"boss_relics":[{"not_picked":["Calling Bell","Astrolabe"],"picked":"Coffee Dripper"}],"items_purged_floors":[22,30],"is_endless":false,"potions_floor_spawned":[6,11,13,24,27,31],"killed_by":"Automaton","ascension_level":20}