{"gold_per_floor":[112,112,131,131,151,151,186,186,186,261,28,28,59,69,69,141,141,158,158,171,185,216,216,216],"floor_reached":24,"playtime":1562,"items_purged":["Pain"],"score":408,"play_id":"f03f5c58-5b78-4a96-ac7a-76dbf2467063","local_time":"20200531175758","is_ascension_mode":true,"campfire_choices":[{"data":"Uppercut","floor":6.0,"key":"SMITH"},{"floor":8.0,"key":"REST"},{"data":"Rampage","floor":15.0,"key":"SMITH"},{"floor":23,"key":"REST"}],"neow_cost":"NONE","seed_source_timestamp":0,"circlet_count":0,"master_deck":["AscendersBane","Strike_R","Strike_R","Strike_R","Strike_R","Defend_R","Defend_R","Defend_R","Defend_R","Bash","Disarm","Uppercut+1","Cleave","Feed","Rampage+1","Headbutt","Fiend Fire","RitualDagger"],"special_seed":0,"relics":["Burning Blood","Art of War","WarpedTongs","Pantograph","MealTicket","Ginger","Runic Pyramid","Red Mask"],"potions_floor_usage":[20,22],"damage_taken":[{"damage":14.0,"enemies":"Jaw Worm","floor":1.0,"turns":4.0},{"damage":4.0,"enemies":"Cultist","floor":3.0,"turns":5.0},{"damage":10.0,"enemies":"Small Slimes","floor":5.0,"turns":3.0},{"damage":33.0,"enemies":"3 Sentries","floor":7.0,"turns":7.0},{"damage":13.0,"enemies":"Gremlin Nob","floor":13.0,"turns":4.0},{"damage":1.0,"enemies":"Blue Slaver","floor":14.0,"turns":3.0},{"damage":55.0,"enemies":"Hexaghost","floor":16.0,"turns":11.0},{"damage":16,"enemies":"Shell Parasite","floor":18,"turns":4},{"damage":12,"enemies":"2 Thieves","floor":20,"turns":3},{"damage":34,"enemies":"3 Cultists","floor":21,"turns":5},{"damage":15,"enemies":"Masked Bandits","floor":22,"turns":4},{"damage":62,"enemies":"Gremlin Leader","floor":24,"turns":6}],"seed_played":"5689203318583819032","potions_obtained":[{"floor":5.0,"key":"Energy Potion"},{"floor":14.0,"key":"AttackPotion"},{"floor":16.0,"key":"AttackPotion"}],"is_trial":false,"path_per_floor":["M","?","M","?","M","R","E","R","T","?","$","?","E","M","R","B",null,"M","?","M","M","?","R","E"],"character_chosen":"IRONCLAD","items_purchased":["Feed"],"campfire_rested":2,"item_purchase_floors":[11],"current_hp_per_floor":[60,53,55,55,51,51,24,46,46,35,50,55,48,56,56,32,70,60,54,52,27,22,50,0],"gold":216,"neow_bonus":"RANDOM_COMMON_RELIC","is_prod":false,"is_daily":false,"chose_seed":false,"campfire_upgraded":2,"win_rate":0,"timestamp":1590973078,"path_taken":["M","?","M","?","?","R","E","R","T","?","$","?","E","M","R","BOSS","M","?","M","M","?","R","E"],"build_version":"2020-05-27","purchased_purges":1,"victory":false,"max_hp_per_floor":[75,75,75,75,75,75,75,75,75,75,75,80,80,83,83,83,83,83,83,87,90,94,94,94],"card_choices":[{"not_picked":["Twin Strike","Hemokinesis"],"picked":"Disarm","floor":1.0},{"not_picked":["Intimidate","Feel No Pain"],"picked":"Uppercut","floor":3.0},{"not_picked":["Flex","Wild Strike"],"picked":"Cleave","floor":5.0},{"not_picked":["Havoc","Heavy Blade","Thunderclap"],"picked":"SKIP","floor":7.0},{"not_picked":["Feel No Pain","Twin Strike"],"picked":"Rampage","floor":13.0},{"not_picked":["Shockwave","Twin Strike"],"picked":"Headbutt","floor":14.0},{"not_picked":["Juggernaut","Demon Form"],"picked":"Fiend Fire","floor":16.0},{"not_picked":["Armaments","Searing Blow","Anger"],"picked":"SKIP","floor":18},{"not_picked":["Cleave","Clothesline","Demon Form"],"picked":"SKIP","floor":20},{"not_picked":["Perfected Strike+1","Iron Wave","Anger"],"picked":"SKIP","floor":21}],"player_experience":2420488,"relics_obtained":[{"floor":7.0,"key":"Pantograph"},{"floor":9.0,"key":"MealTicket"},{"floor":13.0,"key":"Ginger"},{"floor":22,"key":"Red Mask"}],"event_choices":[{"cards_removed":["Strike_R"],"damage_healed":0.0,"max_hp_gain":0.0,"max_hp_loss":0.0,"gold_gain":0.0,"event_name":"Golden Wing","player_choice":"Card Removal","floor":2.0,"gold_loss":0.0,"damage_taken":7.0},{"damage_healed":0.0,"max_hp_gain":0.0,"max_hp_loss":0.0,"gold_gain":0.0,"event_name":"Accursed Blacksmith","player_choice":"Rummage","floor":4.0,"gold_loss":0.0,"damage_taken":0.0,"relics_obtained":["WarpedTongs"],"cards_obtained":["Pain"]},{"damage_healed":0.0,"max_hp_gain":0.0,"max_hp_loss":0.0,"gold_gain":75.0,"event_name":"World of Goop","player_choice":"Gather Gold","floor":10.0,"gold_loss":0.0,"damage_taken":11.0},{"damage_healed":0.0,"max_hp_gain":5.0,"max_hp_loss":0.0,"gold_gain":0.0,"event_name":"Big Fish","player_choice":"Donut","floor":12.0,"gold_loss":0.0,"damage_taken":0.0},{"damage_healed":0,"gold_gain":0,"player_choice":"Joined the Cult","damage_taken":6,"max_hp_gain":0,"max_hp_loss":0,"event_name":"Nest","floor":19,"gold_loss":0,"cards_obtained":["RitualDagger"]},{"damage_healed":0,"gold_gain":0,"player_choice":"Fought Bandits","damage_taken":0,"max_hp_gain":0,"max_hp_loss":0,"event_name":"Masked Bandits","floor":22,"gold_loss":0}],"is_beta":true,"boss_relics":[{"not_picked":["Tiny House","Black Star"],"picked":"Runic Pyramid"}],"items_purged_floors":[11],"is_endless":false,"potions_floor_spawned":[5,14,16],"killed_by":"Gremlin Leader","ascension_level":20}