{"gold_per_floor":[113,125,9,19,19,19,53,72,95,114,114,114,84,119,119,202,202,218,49,49,73,100,100],"floor_reached":23,"playtime":1898,"items_purged":["Strike_R","Strike_R"],"score":402,"play_id":"dc237e8f-d9d8-4b61-b6e2-d505413a0158","local_time":"20201113204349","is_ascension_mode":true,"campfire_choices":[{"floor":6,"key":"REST"},{"floor":12,"key":"REST"},{"floor":15,"key":"REST"}],"neow_cost":"NONE","seed_source_timestamp":155208524848700,"circlet_count":0,"master_deck":["AscendersBane","Strike_R","Strike_R","Strike_R+1","Defend_R","Defend_R","Defend_R","Defend_R","Bash+1","Burning Pact","Bloodletting","Inflame+1","Rupture","Exhume","Seeing Red","Twin Strike","Demon Form+1","Feed","Reaper","Sword Boomerang","Spot Weakness"],"relics":["Runic Pyramid","Pen Nib","Akabeko","CeramicFish","Sozu"],"potions_floor_usage":[7,14,18],"damage_taken":[{"damage":0,"enemies":"Small Slimes","floor":1,"turns":6},{"damage":4,"enemies":"Jaw Worm","floor":2,"turns":6},{"damage":13,"enemies":"2 Louse","floor":4,"turns":3},{"damage":11,"enemies":"Gremlin Nob","floor":7,"turns":3},{"damage":16,"enemies":"Red Slaver","floor":8,"turns":3},{"damage":14,"enemies":"Blue Slaver","floor":10,"turns":4},{"damage":23,"enemies":"Lagavulin","floor":14,"turns":6},{"damage":44,"enemies":"The Guardian","floor":16,"turns":9},{"damage":31,"enemies":"2 Thieves","floor":18,"turns":4},{"damage":23,"enemies":"Spheric Guardian","floor":21,"turns":4},{"damage":8,"enemies":"Snecko","floor":22,"turns":3},{"damage":42,"enemies":"Gremlin Leader","floor":23,"turns":2}],"seed_played":"6037996931225204851","potions_obtained":[{"floor":1,"key":"SteroidPotion"},{"floor":13,"key":"FairyPotion"},{"floor":13,"key":"SneckoOil"},{"floor":16,"key":"Regen Potion"}],"is_trial":false,"path_per_floor":["M","M","$","M","?","R","E","M","T","M","?","R","?","E","R","B",null,"M","$","?","M","M","E"],"character_chosen":"IRONCLAD","items_purchased":["Inflame","Reaper"],"campfire_rested":3,"item_purchase_floors":[3,19],"current_hp_per_floor":[68,64,64,51,28,50,39,23,23,9,9,31,31,8,30,17,61,45,45,45,32,42,0],"gold":100,"neow_bonus":"BOSS_RELIC","is_prod":false,"is_daily":false,"chose_seed":false,"campfire_upgraded":0,"win_rate":0,"timestamp":1605329029,"path_taken":["M","M","$","M","?","R","E","M","T","M","?","R","?","E","R","BOSS","M","?","?","?","M","E"],"build_version":"2020-11-12","purchased_purges":2,"victory":false,"max_hp_per_floor":[75,75,75,75,75,75,75,75,75,75,75,75,75,75,75,75,75,78,78,78,81,81,81],"card_choices":[{"not_picked":["Intimidate","Anger"],"picked":"Burning Pact","floor":1},{"not_picked":["Heavy Blade","True Grit"],"picked":"Bloodletting","floor":2},{"not_picked":["Pommel Strike","Anger"],"picked":"Rupture","floor":4},{"not_picked":["Blood for Blood","Feel No Pain"],"picked":"Exhume","floor":7},{"not_picked":["Twin Strike","Perfected Strike"],"picked":"Seeing Red","floor":8},{"not_picked":["Uppercut","Whirlwind"],"picked":"Twin Strike","floor":10},{"not_picked":["Flex","Warcry"],"picked":"Demon Form","floor":14},{"not_picked":["Brutality","Double Tap"],"picked":"Feed","floor":16},{"not_picked":["Anger","True Grit","Twin Strike"],"picked":"SKIP","floor":18},{"not_picked":["Wild Strike+1","Warcry"],"picked":"Sword Boomerang","floor":21},{"not_picked":["Sever Soul","Armaments"],"picked":"Spot Weakness","floor":22}],"player_experience":2781782,"relics_obtained":[{"floor":7,"key":"Pen Nib"},{"floor":9,"key":"Akabeko"},{"floor":14,"key":"CeramicFish"}],"event_choices":[{"damage_healed":0,"gold_gain":0,"player_choice":"Entered Light","damage_taken":23,"max_hp_gain":0,"max_hp_loss":0,"event_name":"Shining Light","floor":5,"gold_loss":0,"cards_upgraded":["Bash","Strike_R"]},{"damage_healed":0,"gold_gain":0,"player_choice":"Grow","damage_taken":0,"max_hp_gain":0,"max_hp_loss":0,"event_name":"Living Wall","floor":11,"gold_loss":0,"cards_upgraded":["Inflame"]},{"damage_healed":0,"gold_gain":0,"player_choice":"Bought 2 Potions","damage_taken":0,"max_hp_gain":0,"max_hp_loss":0,"event_name":"The Woman in Blue","floor":13,"gold_loss":0},{"damage_healed":0,"gold_gain":0,"player_choice":"Upgraded","damage_taken":0,"max_hp_gain":0,"max_hp_loss":0,"event_name":"Upgrade Shrine","floor":20,"gold_loss":0,"cards_upgraded":["Demon Form"]}],"is_beta":true,"boss_relics":[{"not_picked":["Ectoplasm","Runic Cube"],"picked":"Sozu"}],"items_purged_floors":[3,19],"is_endless":false,"potions_floor_spawned":[1,16,18,21],"killed_by":"Gremlin Leader","ascension_level":20}