{"gold_per_floor":[117,117,140,161,86,129,148,148,148,148,163,203,203,25,25,121,121,141,141,159,13,26,69,69,102,102,102,140,163,182,232,232,322,322,346,346,369,702,712,740,740,740,765,765,765],"floor_reached":45,"playtime":2999,"items_purged":["Strike_R","Strike_R"],"score":1147,"play_id":"fb73ce10-3c3f-4b7f-9d19-9e022371f42d","local_time":"20201117222332","is_ascension_mode":true,"campfire_choices":[{"data":"Immolate","floor":8.0,"key":"SMITH"},{"data":"Inflame","floor":10.0,"key":"SMITH"},{"data":"Uppercut","floor":13.0,"key":"SMITH"},{"data":"Disarm","floor":15.0,"key":"SMITH"},{"data":"Berserk","floor":24.0,"key":"SMITH"},{"data":"Juggernaut","floor":27.0,"key":"SMITH"},{"data":"Shrug It Off","floor":32.0,"key":"SMITH"},{"floor":41,"key":"RECALL"}],"neow_cost":"NONE","seed_source_timestamp":505658079049200,"circlet_count":0,"master_deck":["AscendersBane","Strike_R","Strike_R","Strike_R","Defend_R","Defend_R","Defend_R","Defend_R","Bash","Inflame+1","Disarm+1","Immolate+1","Thunderclap","Uppercut+1","Evolve","Berserk+1","Reaper","Warcry+1","Shrug It Off+1","Juggernaut+1","Reaper","Shrug It Off+1","Barricade","Pommel Strike+1","Spot Weakness","Shrug It Off+1"],"special_seed":0,"relics":["Burning Blood","NeowsBlessing","Vajra","Potion Belt","Dream Catcher","Velvet Choker","Red Skull","Du-Vu Doll","Strawberry","Toy Ornithopter","Fusion Hammer","Juzu Bracelet","Anchor"],"potions_floor_usage":[39,44,45],"damage_taken":[{"damage":0.0,"enemies":"Small Slimes","floor":1.0,"turns":1.0},{"damage":0.0,"enemies":"Jaw Worm","floor":4.0,"turns":1.0},{"damage":0.0,"enemies":"Lagavulin","floor":6.0,"turns":1.0},{"damage":1.0,"enemies":"Cultist","floor":7.0,"turns":3.0},{"damage":9.0,"enemies":"Red Slaver","floor":11.0,"turns":3.0},{"damage":6.0,"enemies":"Gremlin Nob","floor":12.0,"turns":3.0},{"damage":59.0,"enemies":"Hexaghost","floor":16.0,"turns":10.0},{"damage":16.0,"enemies":"2 Thieves","floor":18.0,"turns":2.0},{"damage":12.0,"enemies":"Chosen","floor":20.0,"turns":4.0},{"damage":15.0,"enemies":"Centurion and Healer","floor":22.0,"turns":3.0},{"damage":0.0,"enemies":"Gremlin Leader","floor":23.0,"turns":5.0},{"damage":35.0,"enemies":"Slavers","floor":25.0,"turns":5.0},{"damage":42.0,"enemies":"Gremlin Leader","floor":28.0,"turns":6.0},{"damage":43.0,"enemies":"Shelled Parasite and Fungi","floor":29.0,"turns":5.0},{"damage":0.0,"enemies":"3 Cultists","floor":30.0,"turns":2.0},{"damage":65.0,"enemies":"Champ","floor":33.0,"turns":13.0},{"damage":31.0,"enemies":"3 Shapes","floor":35.0,"turns":7.0},{"damage":0,"enemies":"3 Darklings","floor":37,"turns":1},{"damage":63,"enemies":"Spire Growth","floor":39,"turns":5},{"damage":44,"enemies":"Nemesis","floor":40,"turns":7},{"damage":6,"enemies":"Sphere and 2 Shapes","floor":44,"turns":3},{"damage":71,"enemies":"Giant Head","floor":45,"turns":6}],"seed_played":"-3841587485990187699","potions_obtained":[{"floor":4.0,"key":"Fire Potion"},{"floor":6.0,"key":"Regen Potion"},{"floor":12.0,"key":"Fire Potion"},{"floor":16.0,"key":"GamblersBrew"},{"floor":22.0,"key":"Regen Potion"},{"floor":23.0,"key":"Strength Potion"},{"floor":25.0,"key":"LiquidBronze"},{"floor":29.0,"key":"SteroidPotion"},{"floor":30.0,"key":"AttackPotion"},{"floor":37,"key":"Swift Potion"},{"floor":39,"key":"PowerPotion"},{"floor":40,"key":"SmokeBomb"}],"is_trial":false,"path_per_floor":["M","?","T","M","$","E","M","R","T","R","M","E","R","$","R","B",null,"M","?","M","$","M","E","R","E","T","R","E","M","M","?","R","B",null,"M","?","M","?","M","E","R","?","T","M","E"],"character_chosen":"IRONCLAD","items_purchased":["Evolve","Reaper","SkillPotion"],"campfire_rested":0,"item_purchase_floors":[14,21,21],"current_hp_per_floor":[74,48,48,54,54,60,65,65,65,65,62,62,62,62,62,9,59,49,38,44,44,55,73,73,50,57,57,49,63,82,82,82,50,74,67,67,82,82,48,32,32,32,32,37,0],"gold":765,"neow_bonus":"THREE_ENEMY_KILL","is_prod":false,"is_daily":false,"chose_seed":false,"campfire_upgraded":7,"win_rate":0,"timestamp":1605680612,"path_taken":["M","?","?","M","$","E","?","R","T","R","M","E","R","?","R","BOSS","M","?","M","?","M","E","R","E","T","R","E","M","M","?","R","BOSS","M","?","M","?","M","E","R","?","T","M","E"],"build_version":"2020-11-12","purchased_purges":2,"victory":false,"max_hp_per_floor":[75,75,75,75,75,75,75,75,75,75,75,75,75,75,75,75,75,75,75,75,75,75,75,75,75,82,82,82,82,82,82,82,82,82,82,82,82,82,82,82,82,78,78,78,78],"card_choices":[{"not_picked":["Flex","Pommel Strike"],"picked":"Inflame","floor":1.0},{"not_picked":["Warcry","Intimidate"],"picked":"Disarm","floor":4.0},{"not_picked":["Headbutt","Anger"],"picked":"Immolate","floor":6.0},{"not_picked":["Anger","Perfected Strike"],"picked":"Thunderclap","floor":7.0},{"not_picked":["Havoc","Clothesline"],"picked":"Uppercut","floor":11.0},{"not_picked":["Hemokinesis","Sword Boomerang","Iron Wave"],"picked":"SKIP","floor":12.0},{"not_picked":["Corruption","Barricade"],"picked":"Berserk","floor":16.0},{"not_picked":["Rage","Heavy Blade","Anger"],"picked":"SKIP","floor":18.0},{"not_picked":["Sword Boomerang","Clash","Cleave"],"picked":"SKIP","floor":20.0},{"not_picked":["Heavy Blade","Perfected Strike"],"picked":"Warcry+1","floor":22.0},{"not_picked":["Rupture+1","Seeing Red+1"],"picked":"Shrug It Off+1","floor":23.0},{"not_picked":["Evolve+1","Perfected Strike"],"picked":"Juggernaut","floor":25.0},{"not_picked":["Anger","Warcry"],"picked":"Reaper","floor":28.0},{"not_picked":["Sentinel","Heavy Blade","Headbutt"],"picked":"SKIP","floor":29.0},{"not_picked":["Cleave","Iron Wave+1"],"picked":"Shrug It Off","floor":30.0},{"not_picked":["Impervious","Exhume"],"picked":"Barricade","floor":33.0},{"not_picked":["Headbutt","Dual Wield"],"picked":"Pommel Strike+1","floor":35.0},{"not_picked":["Thunderclap+1","Fire Breathing"],"picked":"Spot Weakness","floor":37},{"not_picked":["Clothesline+1","Seeing Red","Pommel Strike"],"picked":"SKIP","floor":39},{"not_picked":["Ghostly Armor","Shockwave+1"],"picked":"Shrug It Off+1","floor":40}],"player_experience":2863470,"relics_obtained":[{"floor":3.0,"key":"Vajra"},{"floor":6.0,"key":"Potion Belt"},{"floor":12.0,"key":"Dream Catcher"},{"floor":23.0,"key":"Red Skull"},{"floor":25.0,"key":"Du-Vu Doll"},{"floor":26.0,"key":"Strawberry"},{"floor":28.0,"key":"Toy Ornithopter"},{"floor":40,"key":"Juzu Bracelet"},{"floor":43,"key":"Anchor"}],"event_choices":[{"damage_healed":0.0,"max_hp_gain":0.0,"max_hp_loss":0.0,"gold_gain":0.0,"event_name":"Golden Idol","player_choice":"Take Damage","floor":2.0,"gold_loss":0.0,"damage_taken":26.0,"relics_obtained":["Golden Idol"]},{"damage_healed":0.0,"max_hp_gain":0.0,"max_hp_loss":0.0,"gold_gain":0.0,"event_name":"Wheel of Change","player_choice":"Damaged","floor":19.0,"gold_loss":0.0,"damage_taken":11.0},{"damage_healed":0.0,"max_hp_gain":0.0,"max_hp_loss":0.0,"gold_gain":50.0,"event_name":"Nest","player_choice":"Stole From Cult","floor":31.0,"gold_loss":0.0,"damage_taken":0.0},{"damage_healed":0.0,"max_hp_gain":0.0,"max_hp_loss":0.0,"gold_gain":0.0,"event_name":"Tomb of Lord Red Mask","player_choice":"Ignored","floor":36.0,"gold_loss":0.0,"damage_taken":0.0},{"damage_healed":0,"gold_gain":333,"player_choice":"Gave Idol","damage_taken":0,"max_hp_gain":0,"max_hp_loss":0,"event_name":"The Moai Head","floor":38,"relics_lost":["Golden Idol"],"gold_loss":0},{"damage_healed":0,"gold_gain":0,"player_choice":"Max HP","damage_taken":0,"max_hp_gain":0,"max_hp_loss":4,"event_name":"Winding Halls","floor":42,"gold_loss":0}],"is_beta":true,"boss_relics":[{"not_picked":["Black Star","Mark of Pain"],"picked":"Velvet Choker"},{"not_picked":["Black Blood","Tiny House"],"picked":"Fusion Hammer"}],"items_purged_floors":[5,14],"is_endless":false,"potions_floor_spawned":[4,6,12,16,22,23,25,29,30,37,39,40],"killed_by":"Giant Head","ascension_level":20}