{"gold_per_floor":[112,112,112,112,132,146,146,162,236,264,264,48,78,132,132,205,205,220,220,3,28,28,28,45,77,101,117,146,178,103,136,136,213,213,233,455,455,472,472,504,504,535,615,615,634,634,66,91,91,91,91],"floor_reached":51,"playtime":3005,"items_purged":["Strike_R"],"score":1569,"play_id":"96e90c30-b699-4f44-a54e-600443e7a87f","local_time":"20201119224817","is_ascension_mode":true,"campfire_choices":[{"data":"Cleave","floor":7.0,"key":"SMITH"},{"data":"Combust","floor":11.0,"key":"SMITH"},{"floor":15.0,"key":"REST"},{"floor":23.0,"key":"REST"},{"data":"1","floor":32.0,"key":"LIFT"},{"data":"2","floor":41,"key":"LIFT"},{"floor":44,"key":"RECALL"},{"data":"3","floor":49,"key":"LIFT"}],"neow_cost":"NONE","seed_source_timestamp":679841723874300,"circlet_count":0,"master_deck":["AscendersBane","Strike_R+1","Defend_R","Defend_R","Bash+1","Cleave+1","Rupture","Flame Barrier","Combust+1","Disarm","Twin Strike","Feed+1","Headbutt+1","Offering","Limit Break","Sword Boomerang","Shrug It Off","Clothesline+1","Iron Wave+1","Pommel Strike+1","Ghostly Armor+1","Barricade","Uppercut+1"],"special_seed":0,"relics":["Burning Blood","StrikeDummy","Potion Belt","Mercury Hourglass","Fusion Hammer","PreservedInsect","Orichalcum","WingedGreaves","Blood Vial","Self Forming Clay","Red Mask","Girya","Astrolabe","Dream Catcher","Ancient Tea Set","Du-Vu Doll","ClockworkSouvenir","Whetstone"],"potions_floor_usage":[42,45,45,50,50],"damage_taken":[{"damage":3.0,"enemies":"2 Louse","floor":1.0,"turns":3.0},{"damage":10.0,"enemies":"Small Slimes","floor":5.0,"turns":3.0},{"damage":9.0,"enemies":"Jaw Worm","floor":6.0,"turns":4.0},{"damage":19.0,"enemies":"Exordium Wildlife","floor":8.0,"turns":4.0},{"damage":32.0,"enemies":"Lagavulin","floor":10.0,"turns":9.0},{"damage":31.0,"enemies":"Gremlin Nob","floor":13.0,"turns":4.0},{"damage":11.0,"enemies":"Exordium Thugs","floor":14.0,"turns":4.0},{"damage":25.0,"enemies":"Hexaghost","floor":16.0,"turns":8.0},{"damage":11.0,"enemies":"3 Byrds","floor":18.0,"turns":3.0},{"damage":16.0,"enemies":"Spheric Guardian","floor":24.0,"turns":4.0},{"damage":1.0,"enemies":"Slavers","floor":25.0,"turns":3.0},{"damage":8.0,"enemies":"Snecko","floor":27.0,"turns":3.0},{"damage":9.0,"enemies":"Gremlin Leader","floor":28.0,"turns":3.0},{"damage":17.0,"enemies":"Masked Bandits","floor":29.0,"turns":4.0},{"damage":23.0,"enemies":"Book of Stabbing","floor":31.0,"turns":5.0},{"damage":31.0,"enemies":"Collector","floor":33.0,"turns":7.0},{"damage":6.0,"enemies":"Orb Walker","floor":35.0,"turns":3.0},{"damage":4.0,"enemies":"3 Shapes","floor":38.0,"turns":4.0},{"damage":6,"enemies":"Reptomancer","floor":40,"turns":2},{"damage":68,"enemies":"Giant Head","floor":42,"turns":7},{"damage":25,"enemies":"Transient","floor":45,"turns":6},{"damage":20,"enemies":"Reptomancer","floor":48,"turns":4},{"damage":101,"enemies":"Donu and Deca","floor":50,"turns":9},{"damage":21,"enemies":"Time Eater","floor":51,"turns":2}],"seed_played":"-3094943501941559129","potions_obtained":[{"floor":6.0,"key":"SpeedPotion"},{"floor":13.0,"key":"ColorlessPotion"},{"floor":14.0,"key":"FearPotion"},{"floor":18.0,"key":"FairyPotion"},{"floor":24.0,"key":"LiquidMemories"},{"floor":31.0,"key":"EntropicBrew"},{"floor":33.0,"key":"Strength Potion"},{"floor":35.0,"key":"BlessingOfTheForge"},{"floor":38.0,"key":"Block Potion"},{"floor":48,"key":"SteroidPotion"}],"is_trial":false,"path_per_floor":["M","?","?","?","M","M","R","M","T","E","R","$","E","M","R","B",null,"M","?","$","T","?","R","M","E","T","M","E","?","?","E","R","B",null,"M","?","?","M","$","E","R","E","T","R","M","?","$","E","R","B","B"],"character_chosen":"IRONCLAD","items_purchased":["AttackPotion","Disarm","PreservedInsect","FearPotion","Du-Vu Doll","Block Potion","ClockworkSouvenir"],"campfire_rested":2,"item_purchase_floors":[12,12,20,20,47,47,47],"current_hp_per_floor":[78,78,83,83,79,76,76,63,63,37,37,37,12,7,33,14,69,67,67,67,67,67,90,80,85,85,85,84,78,78,63,63,43,83,85,85,85,89,89,94,94,37,37,37,20,84,84,70,70,10,0],"gold":91,"neow_bonus":"TEN_PERCENT_HP_BONUS","is_prod":false,"is_daily":false,"chose_seed":false,"campfire_upgraded":2,"win_rate":0,"timestamp":1605854897,"path_taken":["M","?","?","?","M","?","R","M","T","E","R","$","E","M","R","BOSS","M","?","$","?","?","R","M","E","T","?","E","?","?","E","R","BOSS","M","?","?","M","$","E","R","E","T","R","?","?","$","E","R","BOSS","BOSS"],"build_version":"2020-11-17","purchased_purges":1,"victory":false,"max_hp_per_floor":[82,82,87,87,87,87,87,87,87,87,87,87,87,87,87,87,87,90,90,90,90,90,90,90,90,90,90,90,93,93,93,93,96,96,96,96,96,96,96,99,99,102,102,102,102,84,84,84,84,88,88],"card_choices":[{"not_picked":["Wild Strike","Infernal Blade"],"picked":"Cleave","floor":1.0},{"not_picked":["Cleave","Power Through"],"picked":"Rupture","floor":5.0},{"not_picked":["Thunderclap","Iron Wave"],"picked":"Flame Barrier","floor":6.0},{"not_picked":["Dual Wield","Havoc","Warcry"],"picked":"SKIP","floor":8.0},{"not_picked":["Pommel Strike","Sword Boomerang"],"picked":"Combust","floor":10.0},{"not_picked":["Blood for Blood","Double Tap"],"picked":"Twin Strike","floor":13.0},{"not_picked":["Armaments","Heavy Blade","Sword Boomerang"],"picked":"SKIP","floor":14.0},{"not_picked":["Exhume","Juggernaut"],"picked":"Feed","floor":16.0},{"not_picked":["Perfected Strike","Anger"],"picked":"Headbutt+1","floor":18.0},{"not_picked":["Hemokinesis","Searing Blow","Thunderclap"],"picked":"SKIP","floor":24.0},{"not_picked":["Cleave","Anger","Hemokinesis"],"picked":"SKIP","floor":25.0},{"not_picked":["Bloodletting","Intimidate","Armaments"],"picked":"SKIP","floor":27.0},{"not_picked":["Metallicize","Fire Breathing"],"picked":"Limit Break","floor":28.0},{"not_picked":["Carnage","Iron Wave"],"picked":"Sword Boomerang","floor":29.0},{"not_picked":["Body Slam","Bludgeon"],"picked":"Shrug It Off","floor":31.0},{"not_picked":["Pommel Strike","Power Through"],"picked":"Ghostly Armor+1","floor":35.0},{"not_picked":["Iron Wave","Warcry","Dark Embrace"],"picked":"SKIP","floor":38.0},{"not_picked":["Clash","Headbutt+1","Iron Wave+1"],"picked":"SKIP","floor":40},{"not_picked":["Ghostly Armor+1","Wild Strike"],"picked":"Barricade","floor":42},{"not_picked":["Whirlwind","Wild Strike","Pommel Strike"],"picked":"SKIP","floor":45},{"not_picked":["Reckless Charge","Second Wind"],"picked":"Uppercut+1","floor":48}],"player_experience":2880294,"relics_obtained":[{"floor":9.0,"key":"StrikeDummy"},{"floor":10.0,"key":"Potion Belt"},{"floor":13.0,"key":"Mercury Hourglass"},{"floor":21.0,"key":"Orichalcum"},{"floor":25.0,"key":"WingedGreaves"},{"floor":26.0,"key":"Blood Vial"},{"floor":28.0,"key":"Self Forming Clay"},{"floor":29.0,"key":"Red Mask"},{"floor":31.0,"key":"Girya"},{"floor":40,"key":"Dream Catcher"},{"floor":42,"key":"Ancient Tea Set"},{"floor":48,"key":"Whetstone"}],"event_choices":[{"damage_healed":0.0,"max_hp_gain":0.0,"max_hp_loss":0.0,"gold_gain":0.0,"event_name":"Living Wall","player_choice":"Grow","floor":2.0,"gold_loss":0.0,"damage_taken":0.0,"cards_upgraded":["Bash"]},{"damage_healed":0.0,"max_hp_gain":5.0,"max_hp_loss":0.0,"gold_gain":0.0,"event_name":"Big Fish","player_choice":"Donut","floor":3.0,"gold_loss":0.0,"damage_taken":0.0},{"damage_healed":0.0,"max_hp_gain":0.0,"max_hp_loss":0.0,"gold_gain":0.0,"event_name":"Liars Game","player_choice":"Ignored","floor":4.0,"gold_loss":0.0,"damage_taken":0.0},{"damage_healed":0.0,"max_hp_gain":0.0,"max_hp_loss":0.0,"gold_gain":0.0,"event_name":"Match and Keep!","player_choice":"1 cards matched","floor":19.0,"gold_loss":0.0,"damage_taken":0.0,"cards_obtained":["Offering"]},{"damage_healed":0.0,"max_hp_gain":0.0,"max_hp_loss":0.0,"gold_gain":0.0,"event_name":"N\u0027loth","player_choice":"Ignored","floor":22.0,"gold_loss":0.0,"damage_taken":0.0},{"damage_healed":0.0,"max_hp_gain":0.0,"max_hp_loss":0.0,"gold_gain":0.0,"event_name":"Masked Bandits","player_choice":"Fought Bandits","floor":29.0,"gold_loss":0.0,"damage_taken":0.0},{"cards_removed":["Strike_R"],"damage_healed":0.0,"max_hp_gain":0.0,"max_hp_loss":0.0,"gold_gain":0.0,"event_name":"Beggar","player_choice":"Gave Gold","floor":30.0,"gold_loss":75.0,"damage_taken":0.0},{"damage_healed":0.0,"max_hp_gain":0.0,"max_hp_loss":0.0,"gold_gain":222.0,"event_name":"Tomb of Lord Red Mask","player_choice":"Wore Mask","floor":36.0,"gold_loss":0.0,"damage_taken":0.0},{"cards_removed":["Strike_R"],"damage_healed":0.0,"max_hp_gain":0.0,"max_hp_loss":0.0,"gold_gain":0.0,"event_name":"Purifier","player_choice":"Purged","floor":37.0,"gold_loss":0.0,"damage_taken":0.0},{"damage_healed":84,"gold_gain":0,"player_choice":"Heal","damage_taken":0,"max_hp_gain":0,"max_hp_loss":18,"event_name":"The Moai Head","floor":46,"gold_loss":0}],"is_beta":true,"boss_relics":[{"not_picked":["Sozu","Pandora\u0027s Box"],"picked":"Fusion Hammer"},{"not_picked":["SacredBark","Busted Crown"],"picked":"Astrolabe"}],"items_purged_floors":[12],"is_endless":false,"potions_floor_spawned":[6,13,14,18,24,31,33,35,38,48],"killed_by":"Time Eater","ascension_level":20}