{"gold_per_floor":[112,112,124,4,4,32,47,47,121,151,213,231,242,242],"floor_reached":14,"playtime":1311,"items_purged":[],"score":200,"play_id":"0b7fdb42-fb50-4795-933d-a5daa06bcdc6","local_time":"20201112230133","is_ascension_mode":true,"campfire_choices":[{"data":"Bludgeon","floor":8,"key":"SMITH"}],"neow_cost":"NONE","seed_source_timestamp":77660339070200,"circlet_count":0,"master_deck":["AscendersBane","Strike_R","Strike_R","Strike_R","Strike_R","Strike_R","Defend_R","Defend_R","Defend_R","Defend_R","Bash","Sword Boomerang","Pommel Strike","Inflame","Shockwave","Bludgeon+1","Brutality","True Grit"],"relics":["Burning Blood","Art of War","Kunai","Self Forming Clay","Dream Catcher"],"potions_floor_usage":[6,10,11,14],"damage_taken":[{"damage":7,"enemies":"2 Louse","floor":1,"turns":3},{"damage":2,"enemies":"Cultist","floor":3,"turns":4},{"damage":28,"enemies":"3 Sentries","floor":6,"turns":9},{"damage":9,"enemies":"Jaw Worm","floor":7,"turns":3},{"damage":22,"enemies":"Lagavulin","floor":10,"turns":6},{"damage":0,"enemies":"Gremlin Nob","floor":11,"turns":2},{"damage":20,"enemies":"2 Fungi Beasts","floor":12,"turns":4},{"damage":19,"enemies":"Red Slaver","floor":13,"turns":4},{"damage":15,"enemies":"3 Sentries","floor":14,"turns":3}],"seed_played":"-7545281373720077020","potions_obtained":[{"floor":1,"key":"Block Potion"},{"floor":2,"key":"Energy Potion"},{"floor":6,"key":"PowerPotion"},{"floor":13,"key":"LiquidMemories"}],"is_trial":false,"path_per_floor":["M","?","M","$","$","E","M","R","T","E","?","M","M","E"],"character_chosen":"IRONCLAD","items_purchased":["Inflame","Shockwave"],"campfire_rested":0,"item_purchase_floors":[4,4],"current_hp_per_floor":[67,67,71,71,71,49,46,46,46,30,36,22,9,0],"gold":242,"neow_bonus":"THREE_CARDS","is_prod":false,"is_daily":false,"chose_seed":false,"campfire_upgraded":1,"win_rate":0,"timestamp":1605250893,"path_taken":["M","?","?","?","$","E","M","R","T","E","?","M","M","E"],"build_version":"2020-11-10","purchased_purges":0,"victory":false,"max_hp_per_floor":[75,75,75,75,75,75,75,75,75,75,75,75,75,75],"card_choices":[{"not_picked":["Dark Embrace","Flame Barrier"],"picked":"Sword Boomerang","floor":0},{"not_picked":["Warcry","Sword Boomerang","Clash"],"picked":"SKIP","floor":1},{"not_picked":["Flame Barrier","Heavy Blade"],"picked":"Pommel Strike","floor":3},{"not_picked":["Dropkick","Warcry"],"picked":"Bludgeon","floor":6},{"not_picked":["Pommel Strike","Fire Breathing","Flex"],"picked":"SKIP","floor":7},{"not_picked":["Warcry","Havoc"],"picked":"Brutality","floor":10},{"not_picked":["Sword Boomerang","Perfected Strike","Iron Wave"],"picked":"SKIP","floor":12},{"not_picked":["Body Slam","Blood for Blood"],"picked":"True Grit","floor":13}],"player_experience":2771888,"relics_obtained":[{"floor":6,"key":"Art of War"},{"floor":9,"key":"Kunai"},{"floor":10,"key":"Self Forming Clay"},{"floor":11,"key":"Dream Catcher"}],"event_choices":[{"damage_healed":0,"gold_gain":0,"player_choice":"Got Potions","damage_taken":0,"max_hp_gain":0,"max_hp_loss":0,"event_name":"Lab","floor":2,"gold_loss":0},{"damage_healed":0,"gold_gain":0,"player_choice":"Searched \u00271\u0027 times","damage_taken":0,"max_hp_gain":0,"max_hp_loss":0,"event_name":"Dead Adventurer","floor":11,"gold_loss":0}],"is_beta":true,"boss_relics":[],"items_purged_floors":[],"is_endless":false,"potions_floor_spawned":[1,6,13],"killed_by":"3 Sentries","ascension_level":20}