{"gold_per_floor":[116,135,135,135,145,175,175,207,207,207,223,223,223,238,238,312,312,331,331,345,345],"floor_reached":21,"playtime":926,"items_purged":[],"score":378,"play_id":"ecf02206-a157-4f9f-bca3-e0fcdfef4003","local_time":"20201117224856","is_ascension_mode":true,"campfire_choices":[{"floor":7.0,"key":"REST"},{"floor":10.0,"key":"REST"},{"data":"Bash","floor":12.0,"key":"SMITH"},{"data":"Cleave","floor":15.0,"key":"SMITH"}],"neow_cost":"NONE","seed_source_timestamp":509230256546800,"circlet_count":0,"master_deck":["AscendersBane","Strike_R","Strike_R","Defend_R","Defend_R+1","Defend_R","Defend_R","Bash+1","Thunderclap+1","Twin Strike","Impervious","Cleave+1","Immolate","True Grit","Body Slam"],"special_seed":0,"relics":["Philosopher\u0027s Stone","Happy Flower","Calipers","Centennial Puzzle","Letter Opener","Empty Cage"],"potions_floor_usage":[16,16],"damage_taken":[{"damage":6.0,"enemies":"Jaw Worm","floor":1.0,"turns":3.0},{"damage":0.0,"enemies":"2 Louse","floor":2.0,"turns":2.0},{"damage":0.0,"enemies":"Cultist","floor":5.0,"turns":3.0},{"damage":27.0,"enemies":"Lagavulin","floor":6.0,"turns":5.0},{"damage":17.0,"enemies":"3 Sentries","floor":8.0,"turns":3.0},{"damage":0.0,"enemies":"Exordium Wildlife","floor":11.0,"turns":3.0},{"damage":1.0,"enemies":"Lots of Slimes","floor":14.0,"turns":3.0},{"damage":25,"enemies":"Slime Boss","floor":16,"turns":10},{"damage":7,"enemies":"Spheric Guardian","floor":18,"turns":4},{"damage":30,"enemies":"3 Byrds","floor":20,"turns":5},{"damage":26,"enemies":"Snake Plant","floor":21,"turns":3}],"seed_played":"3886362925111507314","potions_obtained":[{"floor":2.0,"key":"Energy Potion"},{"floor":5.0,"key":"Strength Potion"},{"floor":6.0,"key":"ColorlessPotion"},{"floor":14.0,"key":"Explosive Potion"}],"is_trial":false,"path_per_floor":["M","M","?","?","M","E","R","E","T","R","M","R","?","M","R","B",null,"M","$","M","M"],"character_chosen":"IRONCLAD","items_purchased":[],"campfire_rested":2,"item_purchase_floors":[],"current_hp_per_floor":[62,62,51,28,28,1,23,6,6,28,28,28,28,27,27,2,57,50,50,20,0],"gold":345,"neow_bonus":"BOSS_RELIC","is_prod":false,"is_daily":false,"chose_seed":false,"campfire_upgraded":2,"win_rate":0,"timestamp":1605682136,"path_taken":["M","M","?","?","M","E","R","E","T","R","M","R","?","M","R","BOSS","M","$","M","?"],"build_version":"2020-11-12","purchased_purges":0,"victory":false,"max_hp_per_floor":[75,75,75,75,75,75,75,75,75,75,75,75,75,75,75,75,75,75,75,75,75],"card_choices":[{"not_picked":["Clash","Evolve","Intimidate"],"picked":"SKIP","floor":1.0},{"not_picked":["Heavy Blade","Pummel"],"picked":"Thunderclap","floor":2.0},{"not_picked":["Havoc","Sentinel","Iron Wave"],"picked":"SKIP","floor":5.0},{"not_picked":["Entrench","Evolve"],"picked":"Twin Strike","floor":6.0},{"not_picked":["Intimidate","Armaments"],"picked":"Impervious","floor":8.0},{"not_picked":["Thunderclap","Warcry","Reckless Charge"],"picked":"SKIP","floor":11.0},{"not_picked":["Thunderclap","Limit Break"],"picked":"Cleave","floor":14.0},{"not_picked":["Exhume","Berserk"],"picked":"Immolate","floor":16},{"not_picked":["Carnage","Heavy Blade"],"picked":"True Grit","floor":18},{"not_picked":["Bloodletting","Warcry"],"picked":"Body Slam","floor":20}],"player_experience":2866469,"relics_obtained":[{"floor":6.0,"key":"Calipers"},{"floor":8.0,"key":"Centennial Puzzle"},{"floor":9.0,"key":"Letter Opener"}],"event_choices":[{"damage_healed":0.0,"max_hp_gain":0.0,"max_hp_loss":0.0,"gold_gain":0.0,"event_name":"Scrap Ooze","player_choice":"Success","floor":3.0,"gold_loss":0.0,"damage_taken":11.0,"relics_obtained":["Happy Flower"]},{"damage_healed":0.0,"max_hp_gain":0.0,"max_hp_loss":0.0,"gold_gain":0.0,"event_name":"Shining Light","player_choice":"Entered Light","floor":4.0,"gold_loss":0.0,"damage_taken":23.0,"cards_upgraded":["Thunderclap","Defend_R"]},{"cards_removed":["Strike_R"],"damage_healed":0.0,"max_hp_gain":0.0,"max_hp_loss":0.0,"gold_gain":0.0,"event_name":"Bonfire Elementals","player_choice":"Offered Basic","floor":13.0,"gold_loss":0.0,"damage_taken":0.0}],"is_beta":true,"boss_relics":[{"not_picked":["Runic Pyramid","Sozu"],"picked":"Empty Cage"}],"items_purged_floors":[],"is_endless":false,"potions_floor_spawned":[2,5,6,14],"killed_by":"Snake Plant","ascension_level":20}