{"gold_per_floor":[216,40,40,53,73,107,128,128,128,128,128,128,128,152,152,251,251,264,30,30,49,49],"floor_reached":22,"playtime":1217,"items_purged":["Strike_R","Strike_R"],"score":368,"play_id":"8095dc8e-7613-402b-8a3e-50906599bb81","local_time":"20201118114837","is_ascension_mode":true,"campfire_choices":[{"data":"Combust","floor":8.0,"key":"SMITH"},{"data":"Bash","floor":11.0,"key":"SMITH"},{"floor":13.0,"key":"REST"},{"data":"Headbutt","floor":15.0,"key":"SMITH"}],"neow_cost":"NONE","seed_source_timestamp":0,"circlet_count":0,"master_deck":["AscendersBane","Strike_R","Strike_R","Strike_R","Defend_R","Defend_R","Defend_R","Defend_R","Bash+1","Combust+1","Headbutt+1","Cleave+1","Metallicize","Metallicize","Offering","Power Through","Shrug It Off","Inflame","Offering"],"special_seed":0,"relics":["Burning Blood","Golden Idol","Singing Bowl","InkBottle","SlaversCollar"],"potions_floor_usage":[21,22],"damage_taken":[{"damage":3.0,"enemies":"2 Louse","floor":1.0,"turns":4.0},{"damage":9.0,"enemies":"Jaw Worm","floor":4.0,"turns":3.0},{"damage":9.0,"enemies":"Small Slimes","floor":5.0,"turns":3.0},{"damage":29.0,"enemies":"Lagavulin","floor":6.0,"turns":7.0},{"damage":27.0,"enemies":"Gremlin Gang","floor":7.0,"turns":4.0},{"damage":16.0,"enemies":"Blue Slaver","floor":14.0,"turns":5.0},{"damage":25.0,"enemies":"Slime Boss","floor":16.0,"turns":10.0},{"damage":30,"enemies":"3 Byrds","floor":18,"turns":5},{"damage":29,"enemies":"Shell Parasite","floor":21,"turns":9},{"damage":11,"enemies":"Centurion and Healer","floor":22,"turns":5}],"seed_played":"-7610694569476644893","potions_obtained":[{"floor":4.0,"key":"Strength Potion"},{"floor":7.0,"key":"SmokeBomb"},{"floor":14.0,"key":"Energy Potion"},{"floor":16.0,"key":"PowerPotion"},{"floor":18,"key":"SteroidPotion"}],"is_trial":false,"path_per_floor":["M","$","?","M","M","E","M","R","T","?","R","?","R","M","R","B",null,"M","$","?","M","M"],"character_chosen":"IRONCLAD","items_purchased":["Combust","Headbutt","Shrug It Off","Inflame"],"campfire_rested":1,"item_purchase_floors":[2,2,19,19],"current_hp_per_floor":[71,71,68,65,62,39,20,20,20,20,20,20,41,31,31,12,56,32,32,32,11,0],"gold":49,"neow_bonus":"HUNDRED_GOLD","is_prod":false,"is_daily":false,"chose_seed":false,"campfire_upgraded":3,"win_rate":0,"timestamp":1605728917,"path_taken":["M","$","?","M","M","E","M","R","T","?","R","?","R","M","R","BOSS","M","$","?","M","?"],"build_version":"2020-11-17","purchased_purges":2,"victory":false,"max_hp_per_floor":[75,75,68,68,68,68,70,70,70,70,70,70,70,70,70,70,70,70,70,70,72,72],"card_choices":[{"not_picked":["Iron Wave","Evolve","Rage"],"picked":"SKIP","floor":1.0},{"not_picked":["Battle Trance","Twin Strike"],"picked":"Cleave","floor":4.0},{"not_picked":["Sever Soul","Heavy Blade","Sword Boomerang"],"picked":"SKIP","floor":5.0},{"not_picked":["Havoc","Exhume"],"picked":"Metallicize","floor":6.0},{"not_picked":["Anger","Iron Wave","Clash"],"picked":"Singing Bowl","floor":7.0},{"not_picked":["Infernal Blade","Sword Boomerang"],"picked":"Metallicize","floor":14.0},{"not_picked":["Double Tap","Fiend Fire"],"picked":"Offering","floor":16.0},{"not_picked":["Pommel Strike+1","True Grit"],"picked":"Power Through","floor":18},{"not_picked":["Twin Strike","Armaments","Rampage"],"picked":"Singing Bowl","floor":21}],"player_experience":2867395,"relics_obtained":[{"floor":6.0,"key":"Singing Bowl"},{"floor":9.0,"key":"InkBottle"}],"event_choices":[{"damage_healed":0.0,"max_hp_gain":0.0,"max_hp_loss":7.0,"gold_gain":0.0,"event_name":"Golden Idol","player_choice":"Lose Max HP","floor":3.0,"gold_loss":0.0,"damage_taken":0.0,"relics_obtained":["Golden Idol"]},{"damage_healed":0.0,"max_hp_gain":0.0,"max_hp_loss":0.0,"gold_gain":0.0,"event_name":"Shining Light","player_choice":"Ignored","floor":10.0,"gold_loss":0.0,"damage_taken":0.0},{"damage_healed":0.0,"max_hp_gain":0.0,"max_hp_loss":0.0,"gold_gain":0.0,"event_name":"Living Wall","player_choice":"Grow","floor":12.0,"gold_loss":0.0,"damage_taken":0.0,"cards_upgraded":["Cleave"]},{"damage_healed":0,"gold_gain":0,"player_choice":"Copied","damage_taken":0,"max_hp_gain":0,"max_hp_loss":0,"event_name":"Duplicator","floor":20,"gold_loss":0,"cards_obtained":["Offering"]}],"is_beta":true,"boss_relics":[{"not_picked":["Ectoplasm","Black Blood"],"picked":"SlaversCollar"}],"items_purged_floors":[2,19],"is_endless":false,"potions_floor_spawned":[4,7,14,16,18],"killed_by":"Centurion and Healer","ascension_level":20}