{"gold_per_floor":[112,112,112,112,122,150,166,166,192,192,224,283,283,96,96,96],"floor_reached":16,"playtime":689,"items_purged":["Strike_R"],"score":262,"play_id":"ff8c6e11-6579-4767-a6cf-539503535641","local_time":"20201115225124","is_ascension_mode":true,"campfire_choices":[{"data":"Combust","floor":8,"key":"SMITH"},{"data":"Bash","floor":10,"key":"SMITH"},{"data":"Rupture","floor":13,"key":"SMITH"},{"data":"Disarm","floor":15,"key":"SMITH"}],"neow_cost":"NONE","seed_source_timestamp":336875230784700,"circlet_count":0,"master_deck":["AscendersBane","Strike_R","Strike_R","Strike_R","Defend_R","Defend_R","Defend_R","Defend_R","Bash+1","Thunderclap","Disarm+1","Combust+1","Rupture+1","Pommel Strike","Metallicize","Shrug It Off"],"relics":["Burning Blood","NeowsBlessing","Orichalcum","Singing Bowl","Pen Nib","Darkstone Periapt","Ancient Tea Set"],"potions_floor_usage":[11,12],"damage_taken":[{"damage":0,"enemies":"2 Louse","floor":1,"turns":1},{"damage":0,"enemies":"Jaw Worm","floor":5,"turns":1},{"damage":0,"enemies":"Gremlin Nob","floor":6,"turns":1},{"damage":4,"enemies":"Small Slimes","floor":7,"turns":3},{"damage":33,"enemies":"3 Sentries","floor":11,"turns":7},{"damage":23,"enemies":"Gremlin Nob","floor":12,"turns":4},{"damage":30,"enemies":"The Guardian","floor":16,"turns":5}],"seed_played":"-1698903692292171147","potions_obtained":[{"floor":6,"key":"ColorlessPotion"},{"floor":11,"key":"Swift Potion"}],"is_trial":false,"path_per_floor":["M","?","?","?","M","E","M","R","T","R","E","?","R","$","R","B"],"character_chosen":"IRONCLAD","items_purchased":["Metallicize","Shrug It Off"],"campfire_rested":0,"item_purchase_floors":[14,14],"current_hp_per_floor":[74,63,63,56,62,68,70,70,70,70,45,28,28,28,28,0],"gold":96,"neow_bonus":"THREE_ENEMY_KILL","is_prod":false,"is_daily":false,"chose_seed":false,"campfire_upgraded":4,"win_rate":0,"timestamp":1605509484,"path_taken":["M","?","?","?","M","E","M","R","T","R","E","?","R","$","R","BOSS"],"build_version":"2020-11-12","purchased_purges":1,"victory":false,"max_hp_per_floor":[75,75,75,75,75,75,75,75,75,75,77,77,77,77,77,77],"card_choices":[{"not_picked":["Heavy Blade","Pummel"],"picked":"Thunderclap","floor":1},{"not_picked":["Body Slam","Clash"],"picked":"Disarm","floor":5},{"not_picked":["Shrug It Off","Wild Strike"],"picked":"Combust","floor":6},{"not_picked":["True Grit","Body Slam"],"picked":"Rupture","floor":7},{"not_picked":["Warcry","Intimidate","Blood for Blood"],"picked":"Singing Bowl","floor":11},{"not_picked":["Power Through","Heavy Blade"],"picked":"Pommel Strike","floor":12}],"player_experience":2837903,"relics_obtained":[{"floor":6,"key":"Singing Bowl"},{"floor":9,"key":"Pen Nib"},{"floor":11,"key":"Darkstone Periapt"},{"floor":12,"key":"Ancient Tea Set"}],"event_choices":[{"damage_healed":0,"gold_gain":0,"player_choice":"Success","damage_taken":11,"relics_obtained":["Orichalcum"],"max_hp_gain":0,"max_hp_loss":0,"event_name":"Scrap Ooze","floor":2,"gold_loss":0},{"damage_healed":0,"gold_gain":0,"player_choice":"Ignored","damage_taken":0,"max_hp_gain":0,"max_hp_loss":0,"event_name":"Liars Game","floor":3,"gold_loss":0},{"cards_removed":["Strike_R"],"damage_healed":0,"gold_gain":0,"player_choice":"Card Removal","damage_taken":7,"max_hp_gain":0,"max_hp_loss":0,"event_name":"Golden Wing","floor":4,"gold_loss":0},{"damage_healed":0,"gold_gain":30,"player_choice":"Searched \u00272\u0027 times","damage_taken":0,"max_hp_gain":0,"max_hp_loss":0,"event_name":"Dead Adventurer","floor":12,"gold_loss":0}],"is_beta":true,"boss_relics":[],"items_purged_floors":[14],"is_endless":false,"potions_floor_spawned":[6,11],"killed_by":"The Guardian","ascension_level":20}