{"gold_per_floor":[110,110,110,133,149,190,190,225,303,336,336,365,44,15,15,105,105,120,133,133,133,14,14,49,59,59,59,94,105,105,139,139,213,213,226,237,237,252,265,265,298,309,309,335,405,425,459,384,384,384,384,384,384,73,103,103],"floor_reached":57,"playtime":6146,"items_purged":["Defend_R"],"score":2807,"play_id":"9bc590ea-725f-4fd4-9c0a-a8d7033a4826","local_time":"20201118164000","is_ascension_mode":true,"campfire_choices":[{"floor":7.0,"key":"REST"},{"data":"Bash","floor":11.0,"key":"SMITH"},{"data":"Perfected Strike","floor":15.0,"key":"SMITH"},{"data":"Perfected Strike","floor":23.0,"key":"SMITH"},{"floor":27.0,"key":"REST"},{"data":"Spot Weakness","floor":30.0,"key":"SMITH"},{"floor":32.0,"key":"REST"},{"floor":40.0,"key":"RECALL"},{"data":"Inflame","floor":49.0,"key":"SMITH"},{"floor":53.0,"key":"REST"}],"neow_cost":"NONE","seed_source_timestamp":568205995477500,"circlet_count":0,"master_deck":["AscendersBane","Strike_R+1","Strike_R","Strike_R","Strike_R","Defend_R","Defend_R","Bash+1","Pommel Strike","Perfected Strike+1","Clothesline+1","Perfected Strike+1","Spot Weakness+1","Evolve","Armaments+1","Shrug It Off+1","Impervious+1","Power Through+1","Battle Trance+1","Offering+1","True Grit+1","Disarm+1","Limit Break+1","Inflame+1","Entrench+1","Spot Weakness+1","Disarm+1","Shrug It Off+1","Feed","Second Wind+1","Reaper","Reaper","Disarm+1","Metallicize+1","Offering+1","Brutality"],"special_seed":0,"relics":["Burning Blood","Orichalcum","Bloody Idol","Gambling Chip","Tiny Chest","Matryoshka","Nunchaku","Odd Mushroom","Toxic Egg 2","Velvet Choker","Whetstone","Kunai","Bird Faced Urn","Boot","Ornamental Fan","Shuriken","Blue Candle","Snecko Eye","Potion Belt","Toy Ornithopter","Bottled Lightning","Ice Cream","Orrery","Eternal Feather"],"potions_floor_usage":[56,56],"damage_taken":[{"damage":5.0,"enemies":"Cultist","floor":1.0,"turns":4.0},{"damage":9.0,"enemies":"2 Louse","floor":4.0,"turns":2.0},{"damage":4.0,"enemies":"Small Slimes","floor":5.0,"turns":3.0},{"damage":26.0,"enemies":"3 Sentries","floor":6.0,"turns":8.0},{"damage":21.0,"enemies":"Lagavulin","floor":8.0,"turns":7.0},{"damage":4.0,"enemies":"3 Sentries","floor":10.0,"turns":3.0},{"damage":12.0,"enemies":"The Mushroom Lair","floor":12.0,"turns":4.0},{"damage":20.0,"enemies":"Hexaghost","floor":16.0,"turns":9.0},{"damage":3.0,"enemies":"2 Thieves","floor":18.0,"turns":4.0},{"damage":12.0,"enemies":"Chosen","floor":19.0,"turns":4.0},{"damage":33.0,"enemies":"Book of Stabbing","floor":24.0,"turns":6.0},{"damage":8.0,"enemies":"Snecko","floor":25.0,"turns":4.0},{"damage":22.0,"enemies":"Slavers","floor":28.0,"turns":5.0},{"damage":17.0,"enemies":"Shelled Parasite and Fungi","floor":29.0,"turns":4.0},{"damage":25.0,"enemies":"Gremlin Leader","floor":31.0,"turns":5.0},{"damage":63.0,"enemies":"Champ","floor":33.0,"turns":20.0},{"damage":18.0,"enemies":"3 Darklings","floor":35.0,"turns":8.0},{"damage":0.0,"enemies":"Orb Walker","floor":36.0,"turns":2.0},{"damage":13.0,"enemies":"4 Shapes","floor":38.0,"turns":4.0},{"damage":4.0,"enemies":"3 Darklings","floor":39.0,"turns":5.0},{"damage":16.0,"enemies":"Nemesis","floor":41.0,"turns":6.0},{"damage":8.0,"enemies":"Transient","floor":42.0,"turns":6.0},{"damage":7.0,"enemies":"Reptomancer","floor":44.0,"turns":4.0},{"damage":7.0,"enemies":"Spire Growth","floor":46.0,"turns":4.0},{"damage":17.0,"enemies":"Nemesis","floor":47.0,"turns":7.0},{"damage":42.0,"enemies":"Awakened One","floor":50.0,"turns":10.0},{"damage":49.0,"enemies":"Donu and Deca","floor":51.0,"turns":9.0},{"damage":70.0,"enemies":"Shield and Spear","floor":55.0,"turns":7.0},{"damage":59,"enemies":"The Heart","floor":56,"turns":8}],"seed_played":"-6634919211025869374","potions_obtained":[{"floor":5.0,"key":"Block Potion"},{"floor":8.0,"key":"AttackPotion"},{"floor":12.0,"key":"DistilledChaos"},{"floor":16.0,"key":"Fruit Juice"},{"floor":18.0,"key":"FearPotion"},{"floor":25.0,"key":"Ancient Potion"},{"floor":33.0,"key":"Block Potion"},{"floor":38.0,"key":"Explosive Potion"},{"floor":41.0,"key":"BloodPotion"},{"floor":44.0,"key":"Weak Potion"}],"is_trial":false,"path_per_floor":["M","?","?","M","M","E","R","E","T","E","R","?","$","$","R","B",null,"M","M","?","T","$","R","E","M","T","R","E","M","R","E","R","B",null,"M","M","?","M","M","R","E","M","T","E","T","M","E","?","R","B","B",null,"R","$","E","B",null],"character_chosen":"IRONCLAD","items_purchased":["Toxic Egg 2","Armaments+1","Shrug It Off+1","Battle Trance+1","Orrery","Offering+1","Strength Potion"],"campfire_rested":4,"item_purchase_floors":[13,13,14,22,54,54,54],"current_hp_per_floor":[69,43,43,40,42,22,44,29,29,31,31,25,25,25,25,11,59,62,56,56,56,56,56,34,39,39,61,52,46,46,39,63,13,63,58,69,69,69,76,76,75,80,80,80,80,80,76,76,76,52,22,71,87,87,87,83],"gold":103,"neow_bonus":"RANDOM_COMMON_RELIC","is_prod":false,"is_daily":false,"chose_seed":false,"campfire_upgraded":5,"win_rate":0,"timestamp":1605746400,"path_taken":["M","?","?","M","M","E","R","E","T","E","R","?","?","$","R","BOSS","M","M","?","?","?","R","E","M","T","R","E","M","R","E","R","BOSS","M","M","?","M","M","R","E","?","T","E","?","M","E","?","R","BOSS","BOSS","R","$","E","BOSS"],"build_version":"2020-11-17","purchased_purges":1,"victory":true,"max_hp_per_floor":[75,75,75,75,75,75,75,75,75,75,75,75,75,75,75,75,75,75,75,75,75,75,75,75,75,75,75,75,75,75,80,80,80,80,80,80,80,80,80,80,80,80,80,80,80,80,80,80,80,83,87,87,87,87,87,87],"card_choices":[{"not_picked":["Wild Strike","Feel No Pain"],"picked":"Pommel Strike","floor":1.0},{"not_picked":["Pommel Strike","Anger"],"picked":"Armaments","floor":4.0},{"not_picked":["Burning Pact","Warcry"],"picked":"Perfected Strike","floor":5.0},{"not_picked":["Thunderclap","Combust"],"picked":"Clothesline","floor":6.0},{"not_picked":["Evolve","Brutality"],"picked":"Perfected Strike","floor":8.0},{"not_picked":["Uppercut","Clothesline"],"picked":"Spot Weakness","floor":10.0},{"not_picked":["Rage","Blood for Blood"],"picked":"Evolve","floor":12.0},{"not_picked":["Demon Form","Feed"],"picked":"Impervious+1","floor":16.0},{"not_picked":["Havoc+1","Iron Wave+1"],"picked":"Power Through+1","floor":18.0},{"not_picked":["Clothesline","Uppercut","Combust"],"picked":"SKIP","floor":19.0},{"not_picked":["Thunderclap","Clash"],"picked":"Offering+1","floor":24.0},{"not_picked":["Searing Blow","Sword Boomerang"],"picked":"True Grit+1","floor":25.0},{"not_picked":["Rampage","Sword Boomerang","Perfected Strike"],"picked":"SKIP","floor":28.0},{"not_picked":["Havoc+1","Ghostly Armor+1","Dropkick"],"picked":"SKIP","floor":29.0},{"not_picked":["Sword Boomerang","Wild Strike"],"picked":"Disarm+1","floor":31.0},{"not_picked":["Exhume+1","Immolate"],"picked":"Limit Break+1","floor":33.0},{"not_picked":["Twin Strike","True Grit+1","Blood for Blood"],"picked":"SKIP","floor":35.0},{"not_picked":["Pommel Strike","Rupture","Bloodletting+1"],"picked":"SKIP","floor":36.0},{"not_picked":["Pommel Strike","Rupture","Bloodletting+1"],"picked":"SKIP","floor":36.0},{"not_picked":["Pommel Strike","Perfected Strike","Ghostly Armor+1"],"picked":"SKIP","floor":38.0},{"not_picked":["Exhume+1","Thunderclap"],"picked":"Inflame","floor":39.0},{"not_picked":["Warcry+1","Spot Weakness+1"],"picked":"Entrench+1","floor":41.0},{"not_picked":["Sword Boomerang","Twin Strike"],"picked":"Spot Weakness+1","floor":42.0},{"not_picked":["Dual Wield+1","Pommel Strike"],"picked":"Disarm+1","floor":44.0},{"not_picked":["Twin Strike","True Grit+1"],"picked":"Shrug It Off+1","floor":46.0},{"not_picked":["Inflame","Blood for Blood","Combust"],"picked":"SKIP","floor":47.0},{"not_picked":["Body Slam","True Grit+1"],"picked":"Reaper","floor":54.0},{"not_picked":["Sentinel+1","Ghostly Armor+1"],"picked":"Reaper","floor":54.0},{"not_picked":["Havoc+1","Flex+1"],"picked":"Disarm+1","floor":54.0},{"not_picked":["Fire Breathing","Seeing Red+1"],"picked":"Metallicize+1","floor":54.0},{"not_picked":["Spot Weakness+1","Carnage"],"picked":"Brutality","floor":55.0}],"player_experience":2869434,"relics_obtained":[{"floor":6.0,"key":"Gambling Chip"},{"floor":8.0,"key":"Tiny Chest"},{"floor":9.0,"key":"Matryoshka"},{"floor":10.0,"key":"Nunchaku"},{"floor":12.0,"key":"Odd Mushroom"},{"floor":21.0,"key":"Whetstone"},{"floor":21.0,"key":"Kunai"},{"floor":24.0,"key":"Bird Faced Urn"},{"floor":26.0,"key":"Boot"},{"floor":26.0,"key":"Ornamental Fan"},{"floor":28.0,"key":"Shuriken"},{"floor":31.0,"key":"Blue Candle"},{"floor":41.0,"key":"Potion Belt"},{"floor":44.0,"key":"Toy Ornithopter"},{"floor":45.0,"key":"Bottled Lightning"},{"floor":47.0,"key":"Ice Cream"},{"floor":55.0,"key":"Eternal Feather"}],"event_choices":[{"damage_healed":0.0,"max_hp_gain":0.0,"max_hp_loss":0.0,"gold_gain":0.0,"event_name":"Golden Idol","player_choice":"Take Damage","floor":2.0,"gold_loss":0.0,"damage_taken":26.0,"relics_obtained":["Golden Idol"]},{"damage_healed":0.0,"max_hp_gain":0.0,"max_hp_loss":0.0,"gold_gain":0.0,"event_name":"The Cleric","player_choice":"Leave","floor":3.0,"gold_loss":0.0,"damage_taken":0.0},{"damage_healed":0.0,"max_hp_gain":0.0,"max_hp_loss":0.0,"gold_gain":0.0,"event_name":"Mushrooms","player_choice":"Fought Mushrooms","floor":12.0,"gold_loss":0.0,"damage_taken":0.0},{"damage_healed":0.0,"max_hp_gain":0.0,"max_hp_loss":0.0,"gold_gain":0.0,"event_name":"Forgotten Altar","player_choice":"Gave Idol","floor":20.0,"relics_lost":["Golden Idol"],"gold_loss":0.0,"damage_taken":0.0,"relics_obtained":["Bloody Idol"]},{"cards_removed":["Defend_R"],"damage_healed":0.0,"max_hp_gain":0.0,"max_hp_loss":0.0,"gold_gain":0.0,"event_name":"Purifier","player_choice":"Purged","floor":37.0,"gold_loss":0.0,"damage_taken":0.0},{"damage_healed":0.0,"max_hp_gain":0.0,"max_hp_loss":0.0,"gold_gain":0.0,"cards_transformed":["Armaments","Strike_R"],"event_name":"Designer","player_choice":"Transformed Cards","floor":48.0,"gold_loss":75.0,"damage_taken":0.0,"cards_obtained":["Feed","Second Wind"]}],"is_beta":true,"boss_relics":[{"not_picked":["Coffee Dripper","Busted Crown"],"picked":"Velvet Choker"},{"not_picked":["Runic Cube","Runic Pyramid"],"picked":"Snecko Eye"}],"items_purged_floors":[22],"is_endless":false,"potions_floor_spawned":[5,8,12,16,18,25,33,38,41,44,46],"ascension_level":20}