{"gold_per_floor":[116,127,143,159,159,159,189,189,189,189,209,227,70,86,86,86],"floor_reached":16,"playtime":848,"items_purged":[],"score":204,"play_id":"f18a5962-5cd9-4670-ac59-d7b2e3b257ad","local_time":"20201112231611","is_ascension_mode":true,"campfire_choices":[{"data":"Perfected Strike","floor":6,"key":"SMITH"},{"data":"Shockwave","floor":8,"key":"SMITH"},{"floor":10,"key":"REST"},{"floor":15,"key":"REST"}],"neow_cost":"NONE","seed_source_timestamp":79001654012600,"circlet_count":0,"master_deck":["AscendersBane","Strike_R","Strike_R","Strike_R","Strike_R","Strike_R","Defend_R","Defend_R","Defend_R","Defend_R","Bash","Shrug It Off","Pommel Strike","Perfected Strike+1","Shockwave+1","Offering","Flex+1","Metallicize","Shrug It Off+1","True Grit+1"],"relics":["Burning Blood","Dream Catcher","Toxic Egg 2","Odd Mushroom","Regal Pillow"],"potions_floor_usage":[7,11],"damage_taken":[{"damage":9,"enemies":"Jaw Worm","floor":1,"turns":5},{"damage":12,"enemies":"Small Slimes","floor":2,"turns":4},{"damage":8,"enemies":"2 Louse","floor":3,"turns":3},{"damage":14,"enemies":"Exordium Wildlife","floor":4,"turns":7},{"damage":44,"enemies":"Lagavulin","floor":7,"turns":9},{"damage":20,"enemies":"The Mushroom Lair","floor":11,"turns":3},{"damage":6,"enemies":"Looter","floor":12,"turns":3},{"damage":8,"enemies":"Exordium Thugs","floor":14,"turns":4},{"damage":77,"enemies":"The Guardian","floor":16,"turns":12}],"seed_played":"7958197110896862960","potions_obtained":[{"floor":3,"key":"Dexterity Potion"},{"floor":7,"key":"Swift Potion"}],"is_trial":false,"path_per_floor":["M","M","M","M","?","R","E","R","T","R","?","M","$","M","R","B"],"character_chosen":"IRONCLAD","items_purchased":["Regal Pillow"],"campfire_rested":2,"item_purchase_floors":[13],"current_hp_per_floor":[72,66,64,56,56,56,18,18,18,42,28,28,28,26,65,0],"gold":86,"neow_bonus":"TEN_PERCENT_HP_BONUS","is_prod":false,"is_daily":false,"chose_seed":false,"campfire_upgraded":2,"win_rate":0,"timestamp":1605251771,"path_taken":["M","M","M","M","?","R","E","R","T","R","?","M","$","M","R","BOSS"],"build_version":"2020-11-10","purchased_purges":0,"victory":false,"max_hp_per_floor":[82,82,82,82,82,82,82,82,82,82,82,82,82,82,82,82],"card_choices":[{"not_picked":["Ghostly Armor","Flex"],"picked":"Shrug It Off","floor":1},{"not_picked":["Warcry","Flex"],"picked":"Pommel Strike","floor":2},{"not_picked":["Rage","True Grit"],"picked":"Perfected Strike","floor":3},{"not_picked":["Carnage","Pummel"],"picked":"Shockwave","floor":4},{"not_picked":["Fire Breathing","Perfected Strike"],"picked":"Offering","floor":7},{"not_picked":["Power Through+1","Whirlwind"],"picked":"Flex+1","floor":10},{"not_picked":["Clothesline","Pommel Strike"],"picked":"Metallicize","floor":11},{"not_picked":["Intimidate+1","Clothesline"],"picked":"Shrug It Off+1","floor":12},{"not_picked":["Seeing Red+1","Body Slam"],"picked":"True Grit+1","floor":14}],"player_experience":2773199,"relics_obtained":[{"floor":7,"key":"Dream Catcher"},{"floor":9,"key":"Toxic Egg 2"},{"floor":11,"key":"Odd Mushroom"}],"event_choices":[{"damage_healed":0,"gold_gain":0,"player_choice":"Ignored","damage_taken":0,"max_hp_gain":0,"max_hp_loss":0,"event_name":"Liars Game","floor":5,"gold_loss":0},{"damage_healed":0,"gold_gain":0,"player_choice":"Fought Mushrooms","damage_taken":0,"max_hp_gain":0,"max_hp_loss":0,"event_name":"Mushrooms","floor":11,"gold_loss":0}],"is_beta":true,"boss_relics":[],"items_purged_floors":[],"is_endless":false,"potions_floor_spawned":[3,7],"killed_by":"The Guardian","ascension_level":20}