{"gold_per_floor":[111,111,125,139,155,187,187,197,273,273,299,316,316,333,333,409,409,424,49,99,116,31,66,66,99,99,125,125,137,137,157,157,231,231,245,245,245,258,278,278],"floor_reached":40,"playtime":3373,"items_purged":[],"score":920,"play_id":"6a70e090-60a5-4ee8-ab0d-76efaa4f8bce","local_time":"20201112002058","is_ascension_mode":true,"campfire_choices":[{"floor":7,"key":"REST"},{"data":"Demon Form","floor":13,"key":"SMITH"},{"data":"Uppercut","floor":15,"key":"SMITH"},{"data":"Spot Weakness","floor":24,"key":"SMITH"},{"data":"Ghostly","floor":30,"key":"SMITH"},{"data":"Ghostly","floor":32,"key":"SMITH"}],"neow_cost":"NONE","seed_source_timestamp":2415901399233300,"circlet_count":0,"master_deck":["AscendersBane","Strike_R","Strike_R","Strike_R","Strike_R","Defend_R","Defend_R","Defend_R","Defend_R","Bash+1","Clothesline","Shrug It Off","Seeing Red","Twin Strike","Uppercut+1","Demon Form+1","Shrug It Off+1","Feed","PanicButton+1","Spot Weakness+1","Impervious","Ghostly+1","Ghostly+1","Ghostly","Sword Boomerang","Apotheosis","Flash of Steel","Exhume","Battle Trance"],"relics":["Burning Blood","Happy Flower","Meat on the Bone","Peace Pipe","Black Star","Eternal Feather","War Paint","Thread and Needle","Pear","Orichalcum","Bottled Lightning","Girya","InkBottle","SlaversCollar"],"potions_floor_usage":[10,18,23,25,25,33,33,40,40],"damage_taken":[{"damage":12,"enemies":"Jaw Worm","floor":1,"turns":5},{"damage":1,"enemies":"Cultist","floor":3,"turns":3},{"damage":0,"enemies":"2 Louse","floor":4,"turns":2},{"damage":26,"enemies":"Large Slime","floor":5,"turns":10},{"damage":37,"enemies":"Lagavulin","floor":6,"turns":8},{"damage":4,"enemies":"Blue Slaver","floor":8,"turns":4},{"damage":0,"enemies":"Exordium Thugs","floor":10,"turns":1},{"damage":24,"enemies":"Gremlin Nob","floor":11,"turns":4},{"damage":3,"enemies":"Looter","floor":12,"turns":3},{"damage":14,"enemies":"Exordium Wildlife","floor":14,"turns":4},{"damage":25,"enemies":"Hexaghost","floor":16,"turns":9},{"damage":18,"enemies":"Spheric Guardian","floor":18,"turns":6},{"damage":32,"enemies":"3 Byrds","floor":21,"turns":10},{"damage":30,"enemies":"Gremlin Leader","floor":23,"turns":9},{"damage":12,"enemies":"Book of Stabbing","floor":25,"turns":5},{"damage":42,"enemies":"Gremlin Leader","floor":27,"turns":7},{"damage":0,"enemies":"Centurion and Healer","floor":29,"turns":8},{"damage":12,"enemies":"Sentry and Sphere","floor":31,"turns":10},{"damage":35,"enemies":"Collector","floor":33,"turns":10},{"damage":32,"enemies":"3 Darklings","floor":35,"turns":9},{"damage":15,"enemies":"Orb Walker","floor":38,"turns":8},{"damage":12,"enemies":"3 Darklings","floor":39,"turns":12},{"damage":41,"enemies":"Nemesis","floor":40,"turns":11}],"seed_played":"7989707440383221883","potions_obtained":[{"floor":4,"key":"Fire Potion"},{"floor":5,"key":"SmokeBomb"},{"floor":14,"key":"Block Potion"},{"floor":18,"key":"BlessingOfTheForge"},{"floor":23,"key":"SkillPotion"},{"floor":29,"key":"SkillPotion"},{"floor":31,"key":"DistilledChaos"},{"floor":35,"key":"Fire Potion"},{"floor":38,"key":"LiquidBronze"}],"is_trial":false,"path_per_floor":["M","?","M","M","M","E","R","M","T","M","E","M","R","M","R","B",null,"M","$","?","M","?","E","R","E","T","E","?","M","R","M","R","B",null,"M","?","?","M","M","E"],"character_chosen":"IRONCLAD","items_purchased":["PanicButton","Eternal Feather"],"campfire_rested":1,"item_purchase_floors":[19,19],"current_hp_per_floor":[62,62,67,73,53,22,44,46,46,52,46,49,49,53,53,46,68,59,59,59,48,48,46,58,52,52,31,31,40,50,47,53,36,49,35,25,25,28,38,0],"gold":278,"neow_bonus":"UPGRADE_CARD","is_prod":false,"is_daily":false,"chose_seed":false,"campfire_upgraded":5,"win_rate":0,"timestamp":1605169258,"path_taken":["M","?","M","?","M","E","R","M","T","M","E","M","R","M","R","BOSS","M","$","?","M","?","E","R","E","T","E","?","M","R","M","R","BOSS","M","?","?","?","M","E"],"build_version":"2020-11-10","purchased_purges":0,"victory":false,"max_hp_per_floor":[75,75,75,75,75,75,75,75,75,75,75,75,75,75,75,75,75,78,78,78,81,81,91,91,91,91,94,47,50,50,53,53,53,53,53,53,53,53,57,57],"card_choices":[{"not_picked":["Warcry","Headbutt"],"picked":"Clothesline","floor":1},{"not_picked":["Thunderclap","Clothesline"],"picked":"Shrug It Off","floor":3},{"not_picked":["Warcry","Havoc"],"picked":"Seeing Red","floor":4},{"not_picked":["Sentinel","Flex"],"picked":"Twin Strike","floor":5},{"not_picked":["Wild Strike","Second Wind","Fire Breathing"],"picked":"SKIP","floor":6},{"not_picked":["Sword Boomerang","Cleave"],"picked":"Uppercut","floor":8},{"not_picked":["Fire Breathing","Flame Barrier"],"picked":"Demon Form","floor":11},{"not_picked":["Fire Breathing","Sword Boomerang","Iron Wave"],"picked":"SKIP","floor":12},{"not_picked":["Burning Pact","Flex"],"picked":"Shrug It Off","floor":14},{"not_picked":["Limit Break","Corruption"],"picked":"Feed","floor":16},{"not_picked":["Anger","Feel No Pain","Inflame"],"picked":"SKIP","floor":18},{"not_picked":["Body Slam","Armaments","Inflame"],"picked":"SKIP","floor":21},{"not_picked":["Heavy Blade","Warcry"],"picked":"Spot Weakness","floor":23},{"not_picked":["Anger","Seeing Red"],"picked":"Impervious","floor":25},{"not_picked":["Clash","Second Wind+1","Bloodletting"],"picked":"SKIP","floor":27},{"not_picked":["Spot Weakness","Cleave"],"picked":"Sword Boomerang","floor":29},{"not_picked":["Cleave","Wild Strike","Perfected Strike"],"picked":"SKIP","floor":31},{"not_picked":["Rage","Perfected Strike+1","Havoc"],"picked":"SKIP","floor":35},{"not_picked":["Flash of Steel","Dramatic Entrance"],"picked":"Apotheosis","floor":36},{"not_picked":["Secret Technique","Dramatic Entrance"],"picked":"Flash of Steel","floor":36},{"not_picked":["Wild Strike","Clothesline"],"picked":"Battle Trance","floor":38},{"not_picked":["Warcry","Armaments+1","Thunderclap"],"picked":"SKIP","floor":39}],"player_experience":2762770,"relics_obtained":[{"floor":6,"key":"Happy Flower"},{"floor":9,"key":"Meat on the Bone"},{"floor":11,"key":"Peace Pipe"},{"floor":23,"key":"Thread and Needle"},{"floor":23,"key":"Pear"},{"floor":25,"key":"Orichalcum"},{"floor":25,"key":"Bottled Lightning"},{"floor":27,"key":"Girya"},{"floor":27,"key":"InkBottle"}],"event_choices":[{"cards_removed":["Strike_R"],"damage_healed":0,"gold_gain":0,"player_choice":"Offered Basic","damage_taken":0,"max_hp_gain":0,"max_hp_loss":0,"event_name":"Bonfire Elementals","floor":2,"gold_loss":0},{"damage_healed":0,"gold_gain":50,"player_choice":"Stole From Cult","damage_taken":0,"max_hp_gain":0,"max_hp_loss":0,"event_name":"Nest","floor":20,"gold_loss":0},{"damage_healed":0,"gold_gain":0,"player_choice":"Obtained Relic","damage_taken":0,"relics_obtained":["War Paint"],"max_hp_gain":0,"max_hp_loss":0,"event_name":"Addict","floor":22,"gold_loss":85},{"damage_healed":0,"gold_gain":0,"player_choice":"Became a Ghost","damage_taken":0,"max_hp_gain":0,"max_hp_loss":47,"event_name":"Ghosts","floor":28,"gold_loss":0,"cards_obtained":["Ghostly","Ghostly","Ghostly"]},{"damage_healed":0,"gold_gain":0,"player_choice":"Memory 3","damage_taken":10,"max_hp_gain":0,"max_hp_loss":0,"event_name":"SensoryStone","floor":36,"gold_loss":0},{"damage_healed":0,"gold_gain":0,"player_choice":"1 cards matched","damage_taken":0,"max_hp_gain":0,"max_hp_loss":0,"event_name":"Match and Keep!","floor":37,"gold_loss":0,"cards_obtained":["Exhume"]}],"is_beta":true,"boss_relics":[{"not_picked":["Runic Dome","Tiny House"],"picked":"Black Star"},{"not_picked":["Runic Cube","Runic Pyramid"],"picked":"SlaversCollar"}],"items_purged_floors":[],"is_endless":false,"potions_floor_spawned":[4,5,8,14,18,23,29,31,35,38],"killed_by":"Nemesis","ascension_level":20}