{"gold_per_floor":[111,130,130,141,1,1,28,28,54,65,65,94,113,113,113,188,188,201,201,221,241,259,259,289,289,289,269,269,60,160,160,160,239,239,255,309,1308,1327,547,576,576,576,599,599,626,114,114,146,146,146,146,146,146,59,94,94],"floor_reached":57,"playtime":7259,"items_purged":["Normality","Normality"],"score":2749,"play_id":"e5e21604-5d9f-45b4-b53f-43472df97986","local_time":"20201114144933","is_ascension_mode":true,"campfire_choices":[{"data":"Wild Strike","floor":6.0,"key":"SMITH"},{"data":"Armaments","floor":11.0,"key":"SMITH"},{"data":"Fire Breathing","floor":15.0,"key":"SMITH"},{"data":"Uppercut","floor":23.0,"key":"SMITH"},{"data":"Juggernaut","floor":25.0,"key":"SMITH"},{"floor":28.0,"key":"REST"},{"data":"Power Through","floor":32.0,"key":"SMITH"},{"floor":42.0,"key":"RECALL"},{"data":"Feel No Pain","floor":44.0,"key":"SMITH"},{"floor":49.0,"key":"REST"},{"data":"Dark Embrace","floor":53.0,"key":"SMITH"}],"neow_cost":"NONE","seed_source_timestamp":0,"circlet_count":0,"master_deck":["AscendersBane","Strike_R","Defend_R","Defend_R","Defend_R","Defend_R","Bash+1","Fire Breathing+1","Headbutt","Wild Strike+1","Feed+1","Battle Trance","Armaments+1","Uppercut+1","Shrug It Off","Exhume","Ghostly Armor+1","Juggernaut+1","Havoc+1","Wild Strike+1","Metallicize","Feel No Pain","Power Through+1","Offering","Uppercut+1","True Grit+1","Flex+1","Burning Pact","Feel No Pain+1","Power Through+1","Dark Embrace+1","Evolve","Evolve"],"special_seed":0,"relics":["Burning Blood","Bag of Preparation","Whetstone","Pen Nib","Anchor","StrikeDummy","Mark of Pain","TungstenRod","Juzu Bracelet","Medical Kit","Champion Belt","Paper Frog","Astrolabe","Thread and Needle","Torii","White Beast Statue","Pantograph","Unceasing Top","Peace Pipe","Centennial Puzzle","Bag of Marbles","Toy Ornithopter","Shuriken"],"potions_floor_usage":[56],"damage_taken":[{"damage":6.0,"enemies":"Cultist","floor":1.0,"turns":4.0},{"damage":13.0,"enemies":"Small Slimes","floor":2.0,"turns":4.0},{"damage":12.0,"enemies":"Jaw Worm","floor":4.0,"turns":4.0},{"damage":8.0,"enemies":"Gremlin Nob","floor":7.0,"turns":3.0},{"damage":16.0,"enemies":"Lots of Slimes","floor":10.0,"turns":4.0},{"damage":10.0,"enemies":"3 Sentries","floor":12.0,"turns":4.0},{"damage":7.0,"enemies":"Large Slime","floor":13.0,"turns":6.0},{"damage":22.0,"enemies":"Hexaghost","floor":16.0,"turns":8.0},{"damage":0.0,"enemies":"Spheric Guardian","floor":18.0,"turns":3.0},{"damage":11.0,"enemies":"Shell Parasite","floor":20.0,"turns":3.0},{"damage":17.0,"enemies":"Centurion and Healer","floor":21.0,"turns":6.0},{"damage":30.0,"enemies":"Snake Plant","floor":22.0,"turns":4.0},{"damage":33.0,"enemies":"Book of Stabbing","floor":24.0,"turns":5.0},{"damage":4.0,"enemies":"Colosseum Slavers","floor":30.0,"turns":4.0},{"damage":0.0,"enemies":"Colosseum Nobs","floor":30.0,"turns":4.0},{"damage":42.0,"enemies":"Automaton","floor":33.0,"turns":9.0},{"damage":5.0,"enemies":"Orb Walker","floor":35.0,"turns":4.0},{"damage":12.0,"enemies":"2 Orb Walkers","floor":36.0,"turns":5.0},{"damage":17.0,"enemies":"3 Darklings","floor":38.0,"turns":6.0},{"damage":10.0,"enemies":"Nemesis","floor":40.0,"turns":7.0},{"damage":5.0,"enemies":"Giant Head","floor":45.0,"turns":8.0},{"damage":45.0,"enemies":"Reptomancer","floor":48.0,"turns":5.0},{"damage":31.0,"enemies":"Awakened One","floor":50.0,"turns":13.0},{"damage":18.0,"enemies":"Time Eater","floor":51.0,"turns":9.0},{"damage":43.0,"enemies":"Shield and Spear","floor":55.0,"turns":6.0},{"damage":54,"enemies":"The Heart","floor":56,"turns":10}],"seed_played":"-6563436339495706164","potions_obtained":[{"floor":2.0,"key":"GamblersBrew"},{"floor":4.0,"key":"AttackPotion"},{"floor":13.0,"key":"Explosive Potion"},{"floor":16.0,"key":"SteroidPotion"},{"floor":20.0,"key":"Weak Potion"},{"floor":22.0,"key":"FairyPotion"},{"floor":27.0,"key":"Swift Potion"},{"floor":30.0,"key":"SteroidPotion"},{"floor":40.0,"key":"DuplicationPotion"},{"floor":48.0,"key":"FearPotion"},{"floor":55.0,"key":"LiquidBronze"}],"is_trial":false,"path_per_floor":["M","M","?","M","$","R","E","$","T","M","R","E","M","?","R","B",null,"M","?","M","M","M","R","E","R","T","?","R","$","?","?","R","B",null,"M","?","?","M","$","E","?","R","T","R","E","$","?","E","R","B","B",null,"R","$","E","B",null],"character_chosen":"IRONCLAD","items_purchased":["Battle Trance","Strength Potion","Metallicize","Medical Kit","Torii","Feel No Pain","White Beast Statue","Dark Embrace","Centennial Puzzle","Bag of Marbles","Evolve"],"campfire_rested":2,"item_purchase_floors":[5,5,29,29,39,39,39,46,46,46,54],"current_hp_per_floor":[68,61,61,55,55,55,56,56,56,50,50,50,49,38,38,26,74,80,80,79,72,52,52,25,25,25,25,55,55,71,71,71,39,95,100,98,98,87,87,87,87,87,87,87,92,92,92,53,89,93,111,123,123,123,90,76],"gold":94,"neow_bonus":"TRANSFORM_CARD","is_prod":false,"is_daily":false,"chose_seed":false,"campfire_upgraded":8,"win_rate":0,"timestamp":1605394173,"path_taken":["M","M","?","M","$","R","E","?","T","?","R","E","M","?","R","BOSS","M","?","M","?","M","R","E","R","T","?","R","$","?","?","R","BOSS","M","?","?","M","$","E","?","R","T","R","E","$","?","E","R","BOSS","BOSS","R","$","E","BOSS"],"build_version":"2020-11-12","purchased_purges":2,"victory":true,"max_hp_per_floor":[75,75,75,75,75,75,78,78,78,82,82,86,86,86,86,90,90,90,90,94,98,102,102,102,102,102,102,102,102,110,110,110,114,114,118,122,122,122,122,126,126,126,126,126,130,130,123,123,123,127,127,127,127,127,131,135],"card_choices":[{"not_picked":["Clash","Iron Wave"],"picked":"Headbutt","floor":1.0},{"not_picked":["Armaments","Sever Soul"],"picked":"Wild Strike","floor":2.0},{"not_picked":["Shockwave","Power Through"],"picked":"Feed","floor":4.0},{"not_picked":["Sword Boomerang","Sever Soul","Cleave"],"picked":"SKIP","floor":7.0},{"not_picked":["Entrench","Reckless Charge"],"picked":"Armaments","floor":10.0},{"not_picked":["Heavy Blade","Fire Breathing"],"picked":"Uppercut","floor":12.0},{"not_picked":["Headbutt","Combust"],"picked":"Shrug It Off","floor":13.0},{"not_picked":["Corruption","Brutality"],"picked":"Exhume","floor":16.0},{"not_picked":["Searing Blow","Flame Barrier"],"picked":"Ghostly Armor+1","floor":18.0},{"not_picked":["Flex","Twin Strike"],"picked":"Havoc+1","floor":20.0},{"not_picked":["Sword Boomerang","Anger","Sever Soul"],"picked":"SKIP","floor":21.0},{"not_picked":["Whirlwind","Clash"],"picked":"Wild Strike+1","floor":22.0},{"not_picked":["Iron Wave","Demon Form","Warcry"],"picked":"SKIP","floor":24.0},{"not_picked":["Burning Pact","Wild Strike"],"picked":"Feel No Pain","floor":30.0},{"not_picked":["Double Tap","Juggernaut"],"picked":"Offering","floor":33.0},{"not_picked":["Carnage+1","Sword Boomerang","Shockwave"],"picked":"SKIP","floor":35.0},{"not_picked":["Flex","Clash"],"picked":"Burning Pact","floor":36.0},{"not_picked":["Searing Blow","Reckless Charge","Headbutt"],"picked":"SKIP","floor":38.0},{"not_picked":["Blood for Blood+1","Combust","Wild Strike"],"picked":"SKIP","floor":40.0},{"not_picked":["Perfected Strike","Pommel Strike"],"picked":"Power Through+1","floor":45.0},{"not_picked":["Spot Weakness","Inflame"],"picked":"Evolve","floor":48.0},{"not_picked":["Armaments+1","Sentinel","Clothesline"],"picked":"SKIP","floor":55.0}],"player_experience":2792718,"relics_obtained":[{"floor":7.0,"key":"Whetstone"},{"floor":9.0,"key":"Pen Nib"},{"floor":12.0,"key":"Anchor"},{"floor":24.0,"key":"TungstenRod"},{"floor":26.0,"key":"Juzu Bracelet"},{"floor":30.0,"key":"Champion Belt"},{"floor":30.0,"key":"Paper Frog"},{"floor":36.0,"key":"Thread and Needle"},{"floor":40.0,"key":"Pantograph"},{"floor":41.0,"key":"Unceasing Top"},{"floor":45.0,"key":"Peace Pipe"},{"floor":48.0,"key":"Toy Ornithopter"},{"floor":55.0,"key":"Shuriken"}],"event_choices":[{"damage_healed":0.0,"max_hp_gain":0.0,"max_hp_loss":0.0,"gold_gain":0.0,"event_name":"WeMeetAgain","player_choice":"Gave Potion","floor":3.0,"gold_loss":0.0,"damage_taken":0.0,"relics_obtained":["Bag of Preparation"]},{"damage_healed":0.0,"max_hp_gain":0.0,"max_hp_loss":0.0,"gold_gain":0.0,"event_name":"Scrap Ooze","player_choice":"Success","floor":14.0,"gold_loss":0.0,"damage_taken":11.0,"relics_obtained":["StrikeDummy"]},{"damage_healed":0.0,"max_hp_gain":0.0,"max_hp_loss":0.0,"gold_gain":0.0,"event_name":"Match and Keep!","player_choice":"1 cards matched","floor":19.0,"gold_loss":0.0,"damage_taken":0.0,"cards_obtained":["Juggernaut"]},{"damage_healed":0.0,"max_hp_gain":0.0,"max_hp_loss":0.0,"gold_gain":0.0,"event_name":"The Woman in Blue","player_choice":"Bought 1 Potion","floor":27.0,"gold_loss":0.0,"damage_taken":0.0},{"damage_healed":0.0,"max_hp_gain":0.0,"max_hp_loss":0.0,"gold_gain":0.0,"event_name":"Colosseum","player_choice":"Fight","floor":30.0,"gold_loss":0.0,"damage_taken":0.0},{"damage_healed":0.0,"max_hp_gain":0.0,"max_hp_loss":0.0,"gold_gain":0.0,"event_name":"Colosseum","player_choice":"Fought Nobs","floor":30.0,"gold_loss":0.0,"damage_taken":0.0},{"damage_healed":0.0,"max_hp_gain":0.0,"max_hp_loss":0.0,"gold_gain":0.0,"event_name":"The Library","player_choice":"Read","floor":31.0,"gold_loss":0.0,"damage_taken":0.0,"cards_obtained":["Power Through"]},{"damage_healed":0.0,"max_hp_gain":0.0,"max_hp_loss":0.0,"gold_gain":0.0,"event_name":"Mysterious Sphere","player_choice":"Fight","floor":36.0,"gold_loss":0.0,"damage_taken":0.0},{"damage_healed":0.0,"max_hp_gain":0.0,"max_hp_loss":0.0,"gold_gain":999.0,"event_name":"MindBloom","player_choice":"Gold","floor":37.0,"gold_loss":0.0,"damage_taken":0.0,"cards_obtained":["Normality","Normality"]},{"damage_healed":0.0,"max_hp_gain":0.0,"max_hp_loss":0.0,"gold_gain":0.0,"event_name":"Wheel of Change","player_choice":"Relic","floor":41.0,"gold_loss":0.0,"damage_taken":0.0},{"damage_healed":0.0,"max_hp_gain":0.0,"max_hp_loss":7.0,"gold_gain":0.0,"event_name":"Winding Halls","player_choice":"Max HP","floor":47.0,"gold_loss":0.0,"damage_taken":0.0}],"is_beta":true,"boss_relics":[{"not_picked":["Calling Bell","Runic Dome"],"picked":"Mark of Pain"},{"not_picked":["Runic Cube","Black Blood"],"picked":"Astrolabe"}],"items_purged_floors":[39,46],"is_endless":false,"potions_floor_spawned":[2,4,13,16,20,22,30,36,40,45,48,55],"ascension_level":20}