{"gold_per_floor":[110,124,124,47,59,87,98,98,98,124,124,139,139,175,175,175],"floor_reached":16,"playtime":831,"items_purged":[],"score":240,"play_id":"8c3c114c-392d-4873-b74a-a891da9346ab","local_time":"20201126213416","is_ascension_mode":true,"campfire_choices":[{"data":"Perfected Strike","floor":8,"key":"SMITH"},{"floor":11,"key":"REST"},{"data":"Armaments","floor":15,"key":"SMITH"}],"neow_cost":"NONE","seed_source_timestamp":0,"circlet_count":0,"master_deck":["AscendersBane","Strike_R","Strike_R","Strike_R","Strike_R","Strike_R","Defend_R","Defend_R","Defend_R","Defend_R","Bash","Pommel Strike","Clothesline","Rampage","Impervious","Perfected Strike+1","Metallicize","Armaments+1"],"special_seed":0,"relics":["Burning Blood","NeowsBlessing","Self Forming Clay","Gremlin Horn","Sundial","Letter Opener","Golden Idol","Orichalcum"],"potions_floor_usage":[6,16],"damage_taken":[{"damage":0,"enemies":"2 Louse","floor":1,"turns":1},{"damage":0,"enemies":"Cultist","floor":2,"turns":1},{"damage":0,"enemies":"Small Slimes","floor":5,"turns":1},{"damage":50,"enemies":"3 Sentries","floor":6,"turns":11},{"damage":5,"enemies":"3 Louse","floor":7,"turns":4},{"damage":44,"enemies":"Lagavulin","floor":10,"turns":9},{"damage":20,"enemies":"Large Slime","floor":12,"turns":5},{"damage":23,"enemies":"Gremlin Nob","floor":14,"turns":4},{"damage":23,"enemies":"Slime Boss","floor":16,"turns":9}],"seed_played":"-8457845105452053695","potions_obtained":[{"floor":1,"key":"SkillPotion"},{"floor":5,"key":"FairyPotion"},{"floor":6,"key":"ElixirPotion"},{"floor":12,"key":"LiquidBronze"}],"is_trial":false,"path_per_floor":["M","M","?","$","M","E","M","R","T","E","R","M","?","E","R","B"],"character_chosen":"IRONCLAD","items_purchased":["AttackPotion","Clothesline"],"campfire_rested":1,"item_purchase_floors":[4,4],"current_hp_per_floor":[74,75,75,75,75,31,32,32,32,28,50,36,36,19,19,0],"gold":175,"neow_bonus":"THREE_ENEMY_KILL","is_prod":false,"is_daily":false,"chose_seed":false,"campfire_upgraded":2,"win_rate":0,"timestamp":1606455256,"path_taken":["M","M","?","$","?","E","M","R","T","E","R","?","?","E","R","BOSS"],"build_version":"2020-11-17","purchased_purges":0,"victory":false,"max_hp_per_floor":[75,75,75,75,75,75,75,75,75,75,75,75,68,68,68,68],"card_choices":[{"not_picked":["Seeing Red","Havoc"],"picked":"Pommel Strike","floor":1},{"not_picked":["Heavy Blade","True Grit","Armaments"],"picked":"SKIP","floor":2},{"not_picked":["Flex","Pommel Strike"],"picked":"Rampage","floor":5},{"not_picked":["Heavy Blade","Barricade"],"picked":"Impervious","floor":6},{"not_picked":["Rage","Seeing Red"],"picked":"Perfected Strike","floor":7},{"not_picked":["Headbutt","Seeing Red"],"picked":"Metallicize","floor":10},{"not_picked":["Reckless Charge","Disarm"],"picked":"Armaments","floor":12},{"not_picked":["Body Slam","Iron Wave","Intimidate"],"picked":"SKIP","floor":14}],"player_experience":2964922,"relics_obtained":[{"floor":6,"key":"Gremlin Horn"},{"floor":9,"key":"Sundial"},{"floor":10,"key":"Letter Opener"},{"floor":14,"key":"Orichalcum"}],"event_choices":[{"damage_healed":0,"gold_gain":0,"player_choice":"Gave Potion","damage_taken":0,"relics_obtained":["Self Forming Clay"],"max_hp_gain":0,"max_hp_loss":0,"event_name":"WeMeetAgain","floor":3,"gold_loss":0},{"damage_healed":0,"gold_gain":0,"player_choice":"Lose Max HP","damage_taken":0,"relics_obtained":["Golden Idol"],"max_hp_gain":0,"max_hp_loss":7,"event_name":"Golden Idol","floor":13,"gold_loss":0}],"is_beta":true,"boss_relics":[],"items_purged_floors":[],"is_endless":false,"potions_floor_spawned":[1,5,6,12],"killed_by":"Slime Boss","ascension_level":20}