{"gold_per_floor":[117,117,130,141,141,174,189,189,189,202,202,234,234,268,268,339,339,349,191,201,201,15,15,44,60,86,100,127,147,147,175,187,276,288,313,337,1,1,1,1,1],"floor_reached":41,"playtime":2816,"items_purged":["Strike_R","Defend_R"],"score":998,"play_id":"7e8a8777-027a-4015-8661-676935c1f625","local_time":"20201127150824","is_ascension_mode":true,"campfire_choices":[{"data":"Combust","floor":11.0,"key":"SMITH"},{"data":"Rupture","floor":13.0,"key":"SMITH"},{"data":"Spot Weakness","floor":15.0,"key":"SMITH"},{"data":"Disarm","floor":23,"key":"SMITH"},{"floor":30,"key":"REST"},{"data":"Brutality","floor":32,"key":"SMITH"},{"floor":40,"key":"RECALL"}],"neow_cost":"NONE","seed_source_timestamp":1343618838700000,"circlet_count":0,"master_deck":["AscendersBane","Strike_R","Strike_R","Strike_R","Defend_R","Bash","Rupture+1","Spot Weakness+1","Hemokinesis+1","Thunderclap+1","Twin Strike+1","Combust+1","Impervious","Cleave+1","Brutality+1","Shockwave","Disarm+1","Burning Pact","Master of Strategy","Sword Boomerang+1","Shrug It Off+1","Shrug It Off+1","Disarm","Armaments"],"special_seed":0,"relics":["Burning Blood","Orichalcum","Molten Egg 2","InkBottle","Paper Frog","Omamori","Sozu","Calipers","Lantern","MawBank","Black Star","Blood Vial"],"potions_floor_usage":[33],"damage_taken":[{"damage":4.0,"enemies":"Small Slimes","floor":1.0,"turns":4.0},{"damage":9.0,"enemies":"Jaw Worm","floor":3.0,"turns":5.0},{"damage":2.0,"enemies":"2 Louse","floor":4.0,"turns":2.0},{"damage":40.0,"enemies":"3 Sentries","floor":6.0,"turns":11.0},{"damage":6.0,"enemies":"Looter","floor":7.0,"turns":3.0},{"damage":0.0,"enemies":"Gremlin Gang","floor":10.0,"turns":4.0},{"damage":8.0,"enemies":"Gremlin Nob","floor":12.0,"turns":3.0},{"damage":16.0,"enemies":"3 Sentries","floor":14.0,"turns":5.0},{"damage":22.0,"enemies":"Slime Boss","floor":16.0,"turns":7.0},{"damage":4.0,"enemies":"Spheric Guardian","floor":18.0,"turns":3.0},{"damage":11.0,"enemies":"2 Thieves","floor":20.0,"turns":4.0},{"damage":13,"enemies":"Book of Stabbing","floor":24,"turns":4},{"damage":6,"enemies":"Cultist and Chosen","floor":25,"turns":3},{"damage":19,"enemies":"Centurion and Healer","floor":27,"turns":4},{"damage":9,"enemies":"Shelled Parasite and Fungi","floor":29,"turns":2},{"damage":7,"enemies":"Gremlin Leader","floor":31,"turns":5},{"damage":12,"enemies":"Collector","floor":33,"turns":6},{"damage":25,"enemies":"3 Darklings","floor":35,"turns":3},{"damage":13,"enemies":"3 Shapes","floor":36,"turns":8},{"damage":45,"enemies":"Reptomancer","floor":41,"turns":3}],"seed_played":"7527308065231977114","potions_obtained":[{"floor":1.0,"key":"SneckoOil"},{"floor":3.0,"key":"FearPotion"},{"floor":12.0,"key":"CultistPotion"},{"floor":16.0,"key":"EssenceOfSteel"}],"is_trial":false,"path_per_floor":["M","?","M","M","?","E","M","?","T","M","R","E","R","E","R","B",null,"M","$","M","?","$","R","E","M","T","M","T","M","R","E","R","B",null,"M","M","$","?","?","R","E"],"character_chosen":"IRONCLAD","items_purchased":["Shockwave","Master of Strategy","Blood Vial","Disarm"],"campfire_rested":1,"item_purchase_floors":[19,22,37,37],"current_hp_per_floor":[70,63,60,64,64,30,30,30,30,36,36,34,34,24,24,8,58,60,60,55,55,55,55,48,48,48,35,35,32,54,53,53,47,68,49,42,42,42,42,42,0],"gold":1,"neow_bonus":"RANDOM_COMMON_RELIC","is_prod":false,"is_daily":false,"chose_seed":false,"campfire_upgraded":5,"win_rate":0,"timestamp":1606518504,"path_taken":["M","?","M","M","?","E","M","?","T","M","R","E","R","E","R","BOSS","M","$","M","?","$","R","E","?","T","M","?","?","R","E","R","BOSS","M","M","$","?","?","R","E"],"build_version":"2020-11-17","purchased_purges":2,"victory":false,"max_hp_per_floor":[75,75,75,75,75,75,75,75,75,75,75,75,75,75,75,75,75,75,75,75,75,75,75,75,75,75,75,75,75,75,75,75,75,75,75,75,75,75,75,75,75],"card_choices":[{"not_picked":["Infernal Blade","Entrench"],"picked":"Rupture","floor":1.0},{"not_picked":["Body Slam","Havoc"],"picked":"Spot Weakness","floor":3.0},{"not_picked":["Second Wind","Disarm"],"picked":"Hemokinesis","floor":4.0},{"not_picked":["Flame Barrier","True Grit"],"picked":"Thunderclap+1","floor":6.0},{"not_picked":["Headbutt+1","Ghostly Armor"],"picked":"Twin Strike+1","floor":7.0},{"not_picked":["Rampage+1","Rupture"],"picked":"Combust","floor":10.0},{"not_picked":["Shockwave","Warcry"],"picked":"Impervious","floor":12.0},{"not_picked":["Sword Boomerang+1","Disarm"],"picked":"Cleave+1","floor":14.0},{"not_picked":["Impervious","Corruption"],"picked":"Brutality","floor":16.0},{"not_picked":["Anger+1","Clash+1","Cleave+1"],"picked":"SKIP","floor":18.0},{"not_picked":["Clash+1","Headbutt+1"],"picked":"Disarm","floor":20.0},{"not_picked":["Ghostly Armor","Shrug It Off"],"picked":"Sword Boomerang+1","floor":24},{"not_picked":["Berserk","Heavy Blade+1","Pummel+1"],"picked":"SKIP","floor":25},{"not_picked":["Clash+1","Burning Pact","Infernal Blade+1"],"picked":"SKIP","floor":27},{"not_picked":["Headbutt+1","Bloodletting","Warcry"],"picked":"SKIP","floor":29},{"not_picked":["Sever Soul+1","Blood for Blood+1","Seeing Red"],"picked":"SKIP","floor":31},{"not_picked":["Havoc","Sword Boomerang+1"],"picked":"Shrug It Off+1","floor":35},{"not_picked":["Inflame","Twin Strike+1"],"picked":"Shrug It Off+1","floor":36}],"player_experience":2976009,"relics_obtained":[{"floor":6.0,"key":"Molten Egg 2"},{"floor":9.0,"key":"InkBottle"},{"floor":12.0,"key":"Paper Frog"},{"floor":14.0,"key":"Omamori"},{"floor":24,"key":"Calipers"},{"floor":26,"key":"Lantern"},{"floor":31,"key":"MawBank"}],"event_choices":[{"cards_removed":["Strike_R"],"damage_healed":0.0,"max_hp_gain":0.0,"max_hp_loss":0.0,"gold_gain":0.0,"event_name":"Golden Wing","player_choice":"Card Removal","floor":2.0,"gold_loss":0.0,"damage_taken":7.0},{"damage_healed":0.0,"max_hp_gain":0.0,"max_hp_loss":0.0,"gold_gain":0.0,"event_name":"Liars Game","player_choice":"Ignored","floor":5.0,"gold_loss":0.0,"damage_taken":0.0},{"damage_healed":0.0,"max_hp_gain":0.0,"max_hp_loss":0.0,"gold_gain":0.0,"event_name":"Living Wall","player_choice":"Grow","floor":8.0,"gold_loss":0.0,"damage_taken":0.0,"cards_upgraded":["Hemokinesis"]},{"damage_healed":0,"gold_gain":0,"cards_transformed":["Defend_R"],"player_choice":"Transformed","damage_taken":0,"max_hp_gain":0,"max_hp_loss":0,"event_name":"Transmorgrifier","floor":21,"gold_loss":0,"cards_obtained":["Burning Pact"]},{"cards_removed":["Defend_R"],"damage_healed":0,"gold_gain":0,"player_choice":"Removed Skill","damage_taken":0,"max_hp_gain":0,"max_hp_loss":0,"event_name":"Falling","floor":38,"gold_loss":0},{"damage_healed":0,"gold_gain":0,"player_choice":"1 cards matched","damage_taken":0,"max_hp_gain":0,"max_hp_loss":0,"event_name":"Match and Keep!","floor":39,"gold_loss":0,"cards_obtained":["Armaments"]}],"is_beta":true,"boss_relics":[{"not_picked":["Busted Crown","Philosopher\u0027s Stone"],"picked":"Sozu"},{"not_picked":["Runic Pyramid","Black Blood"],"picked":"Black Star"}],"items_purged_floors":[19,37],"is_endless":false,"potions_floor_spawned":[1,3,4,12,16,18,20,24,36],"killed_by":"Reptomancer","ascension_level":20}