{"gold_per_floor":[115,125,125,138,154,154,172,172,172,184,196,257,269],"floor_reached":13,"playtime":810,"items_purged":[],"score":150,"play_id":"28d8bd5c-a88c-4ce8-97a0-cacc94b28528","local_time":"20201126151234","is_ascension_mode":true,"campfire_choices":[{"data":"Bash","floor":6,"key":"SMITH"},{"data":"Juggernaut","floor":8,"key":"SMITH"},{"data":"Spot Weakness","floor":10,"key":"SMITH"}],"neow_cost":"NONE","seed_source_timestamp":1259630300785100,"circlet_count":0,"master_deck":["AscendersBane","Strike_R","Strike_R","Strike_R","Strike_R","Strike_R+1","Defend_R","Defend_R","Defend_R","Defend_R","Bash+1","Spot Weakness+1","Juggernaut+1","Pummel","Twin Strike+1","Feel No Pain"],"relics":["Sozu","MawBank","Bag of Preparation"],"potions_floor_usage":[],"damage_taken":[{"damage":6,"enemies":"2 Louse","floor":1,"turns":3},{"damage":0,"enemies":"Cultist","floor":2,"turns":3},{"damage":9,"enemies":"Jaw Worm","floor":4,"turns":3},{"damage":16,"enemies":"Blue Slaver","floor":5,"turns":4},{"damage":8,"enemies":"Red Slaver","floor":7,"turns":3},{"damage":9,"enemies":"Large Slime","floor":13,"turns":4}],"seed_played":"4398604117541836941","potions_obtained":[],"is_trial":false,"path_per_floor":["M","M","?","M","M","R","M","R","T","R","?","T","M"],"character_chosen":"IRONCLAD","items_purchased":[],"campfire_rested":0,"item_purchase_floors":[],"current_hp_per_floor":[62,62,62,53,37,37,29,29,29,29,6,6,0],"gold":269,"neow_bonus":"BOSS_RELIC","is_prod":false,"is_daily":false,"chose_seed":false,"campfire_upgraded":3,"win_rate":0,"timestamp":1606432354,"path_taken":["M","M","?","?","M","R","?","R","T","R","?","?","?"],"build_version":"2020-11-17","purchased_purges":0,"victory":false,"max_hp_per_floor":[75,75,75,75,75,75,75,75,75,75,75,75,75],"card_choices":[{"not_picked":["Anger","Evolve"],"picked":"Spot Weakness","floor":1},{"not_picked":["Twin Strike","Anger"],"picked":"Juggernaut","floor":2},{"not_picked":["Anger","Evolve"],"picked":"Pummel","floor":4},{"not_picked":["Warcry","Perfected Strike"],"picked":"Twin Strike","floor":5},{"not_picked":["Clothesline","Cleave"],"picked":"Feel No Pain","floor":7}],"player_experience":2963539,"relics_obtained":[{"floor":9,"key":"MawBank"},{"floor":12,"key":"Bag of Preparation"}],"event_choices":[{"damage_healed":0,"gold_gain":0,"player_choice":"Got Potions","damage_taken":0,"max_hp_gain":0,"max_hp_loss":0,"event_name":"Lab","floor":3,"gold_loss":0},{"damage_healed":0,"gold_gain":0,"player_choice":"Entered Light","damage_taken":23,"max_hp_gain":0,"max_hp_loss":0,"event_name":"Shining Light","floor":11,"gold_loss":0,"cards_upgraded":["Twin Strike","Strike_R"]}],"is_beta":true,"boss_relics":[],"items_purged_floors":[],"is_endless":false,"potions_floor_spawned":[1,2,4,5],"killed_by":"Large Slime","ascension_level":20}