{"gold_per_floor":[12,27,27,27,44,54,89,89,114,134,134,153,153,178,178,254,254,265,281,299,22,22,22,50,63,63,94,19,54,54,65,65,143,143,163,181,196,207,14,14,14],"floor_reached":41,"playtime":11272,"items_purged":["Decay","Strike_R"],"score":980,"play_id":"58d47d83-7060-4ab6-9312-02a6c0fcd899","local_time":"20210221120821","is_ascension_mode":true,"campfire_choices":[{"data":"Flame Barrier","floor":11,"key":"SMITH"},{"data":"Intimidate","floor":15,"key":"SMITH"},{"data":"True Grit","floor":23,"key":"SMITH"},{"data":"Juggernaut","floor":30,"key":"SMITH"},{"floor":32,"key":"REST"},{"floor":40,"key":"REST"}],"neow_cost":"NO_GOLD","seed_source_timestamp":718524076964500,"circlet_count":0,"master_deck":["AscendersBane","Defend_R","Defend_R","Bash","Immolate+1","Reaper","Thunderclap","Shrug It Off","Flame Barrier+1","Intimidate+1","Juggernaut+1","Clothesline+1","Pummel+1","Sword Boomerang+1","Combust","Ghostly Armor","True Grit+1","Offering","Feel No Pain","Shrug It Off","Shrug It Off+1","Reaper","Barricade","True Grit","Second Wind","Feel No Pain"],"relics":["Burning Blood","Strawberry","Anchor","Toy Ornithopter","Astrolabe","Red Skull","Art of War","Du-Vu Doll","Lizard Tail","Philosopher\u0027s Stone"],"potions_floor_usage":[7,16,18,19,20,24,27,29,38,41],"damage_taken":[{"damage":0,"enemies":"Small Slimes","floor":1,"turns":2},{"damage":14,"enemies":"2 Louse","floor":2,"turns":2},{"damage":6,"enemies":"Cultist","floor":5,"turns":3},{"damage":20,"enemies":"Gremlin Gang","floor":6,"turns":2},{"damage":32,"enemies":"Lagavulin","floor":7,"turns":7},{"damage":1,"enemies":"Red Slaver","floor":10,"turns":6},{"damage":1,"enemies":"Looter","floor":12,"turns":2},{"damage":12,"enemies":"3 Sentries","floor":14,"turns":4},{"damage":61,"enemies":"The Guardian","floor":16,"turns":16},{"damage":0,"enemies":"3 Byrds","floor":18,"turns":3},{"damage":1,"enemies":"2 Thieves","floor":19,"turns":2},{"damage":50,"enemies":"Centurion and Healer","floor":20,"turns":10},{"damage":52,"enemies":"Book of Stabbing","floor":24,"turns":7},{"damage":6,"enemies":"Snake Plant","floor":25,"turns":4},{"damage":35,"enemies":"Slavers","floor":27,"turns":5},{"damage":11,"enemies":"Gremlin Leader","floor":29,"turns":6},{"damage":7,"enemies":"Snecko","floor":31,"turns":5},{"damage":92,"enemies":"Collector","floor":33,"turns":11},{"damage":6,"enemies":"Orb Walker","floor":35,"turns":4},{"damage":40,"enemies":"3 Darklings","floor":36,"turns":5},{"damage":44,"enemies":"Transient","floor":37,"turns":6},{"damage":25,"enemies":"Maw","floor":38,"turns":8},{"damage":98,"enemies":"Reptomancer","floor":41,"turns":6}],"seed_played":"6346821639953408025","potions_obtained":[{"floor":2,"key":"Energy Potion"},{"floor":7,"key":"LiquidBronze"},{"floor":14,"key":"Block Potion"},{"floor":16,"key":"DistilledChaos"},{"floor":18,"key":"ElixirPotion"},{"floor":20,"key":"FairyPotion"},{"floor":25,"key":"FearPotion"},{"floor":27,"key":"FearPotion"},{"floor":36,"key":"LiquidBronze"}],"is_trial":false,"path_per_floor":["M","M","?","$","M","M","E","?","T","M","R","M","?","E","R","B",null,"M","M","M","$","?","R","E","M","T","E","$","E","R","M","R","B",null,"M","M","M","M","$","R","E"],"character_chosen":"IRONCLAD","items_purchased":["Offering","Feel No Pain","Fire Potion","Feel No Pain","Swift Potion"],"campfire_rested":2,"item_purchase_floors":[21,21,21,39,39],"current_hp_per_floor":[74,75,75,75,75,61,48,41,41,52,52,57,57,63,63,13,65,78,82,51,51,51,51,10,17,17,24,24,52,52,59,82,46,73,73,60,22,23,23,47,0],"gold":14,"neow_bonus":"TRANSFORM_TWO_CARDS","is_prod":false,"is_daily":false,"chose_seed":false,"campfire_upgraded":4,"win_rate":0,"timestamp":1613938101,"path_taken":["M","M","?","$","M","M","E","?","T","M","R","M","?","E","R","BOSS","M","?","?","?","?","R","E","M","T","E","$","E","R","M","R","BOSS","M","M","M","M","$","R","E"],"build_version":"2020-12-18","purchased_purges":2,"victory":false,"max_hp_per_floor":[75,75,75,75,75,75,82,82,82,82,82,82,82,82,82,82,82,82,82,82,82,82,82,82,82,82,82,82,82,82,82,82,82,82,82,82,82,82,82,82,82],"relic_stats":{"Lizard Tail":41,"counters":[23,126],"Astrolabe":["Clothesline","Pummel","Sword Boomerang"],"Art of War":[10],"obtain_stats":[{"Du-Vu Doll":27,"Anchor":9,"Lizard Tail":29,"Strawberry":7,"Astrolabe":17,"Philosopher\u0027s Stone":34,"Art of War":26,"Burning Blood":0,"Toy Ornithopter":14,"Red Skull":24},{"Du-Vu Doll":15,"Anchor":5,"Lizard Tail":16,"Strawberry":5,"Astrolabe":9,"Philosopher\u0027s Stone":18,"Art of War":14,"Burning Blood":0,"Toy Ornithopter":8,"Red Skull":13},{"Du-Vu Doll":75,"Anchor":16,"Lizard Tail":81,"Strawberry":16,"Astrolabe":44,"Philosopher\u0027s Stone":97,"Art of War":70,"Burning Blood":0,"Toy Ornithopter":28,"Red Skull":66}],"Burning Blood":126,"Toy Ornithopter":44},"card_choices":[{"not_picked":["Warcry","Rage","Evolve"],"picked":"SKIP","floor":1},{"not_picked":["Havoc","Heavy Blade","Twin Strike"],"picked":"SKIP","floor":2},{"not_picked":["Spot Weakness","Warcry"],"picked":"Thunderclap","floor":5},{"not_picked":["Thunderclap","Dropkick"],"picked":"Shrug It Off","floor":6},{"not_picked":["Spot Weakness","Limit Break"],"picked":"Flame Barrier","floor":7},{"not_picked":["Headbutt","Wild Strike"],"picked":"Intimidate","floor":10},{"not_picked":["Body Slam","Iron Wave","Perfected Strike"],"picked":"SKIP","floor":12},{"not_picked":["Havoc","Inflame"],"picked":"Juggernaut","floor":14},{"not_picked":["Power Through","Dropkick"],"picked":"Combust","floor":18},{"not_picked":["Havoc","Twin Strike"],"picked":"Ghostly Armor","floor":19},{"not_picked":["Twin Strike","Perfected Strike"],"picked":"True Grit","floor":20},{"not_picked":["Intimidate","Warcry"],"picked":"Shrug It Off","floor":24},{"not_picked":["Sever Soul","Iron Wave","True Grit"],"picked":"SKIP","floor":25},{"not_picked":["Brutality","Dropkick"],"picked":"Shrug It Off+1","floor":27},{"not_picked":["Armaments","Sever Soul"],"picked":"Reaper","floor":29},{"not_picked":["Havoc","Clothesline","Heavy Blade"],"picked":"SKIP","floor":31},{"not_picked":["Juggernaut","Reaper"],"picked":"Barricade","floor":33},{"not_picked":["Perfected Strike","Armaments","True Grit"],"picked":"SKIP","floor":35},{"not_picked":["Havoc","Heavy Blade+1"],"picked":"True Grit","floor":36},{"not_picked":["Headbutt+1","Burning Pact"],"picked":"Second Wind","floor":37},{"not_picked":["Clash","Twin Strike","Wild Strike"],"picked":"SKIP","floor":38}],"player_experience":3458319,"relics_obtained":[{"floor":7,"key":"Strawberry"},{"floor":9,"key":"Anchor"},{"floor":14,"key":"Toy Ornithopter"},{"floor":24,"key":"Red Skull"},{"floor":26,"key":"Art of War"},{"floor":27,"key":"Du-Vu Doll"},{"floor":29,"key":"Lizard Tail"}],"event_choices":[{"damage_healed":0,"gold_gain":0,"player_choice":"Grow","damage_taken":0,"max_hp_gain":0,"max_hp_loss":0,"event_name":"Living Wall","floor":3,"gold_loss":0,"cards_upgraded":["Immolate"]},{"cards_removed":["Strike_R"],"damage_healed":0,"gold_gain":0,"player_choice":"Card Removal","damage_taken":7,"max_hp_gain":0,"max_hp_loss":0,"event_name":"Golden Wing","floor":8,"gold_loss":0},{"damage_healed":0,"gold_gain":0,"player_choice":"Cursed","damage_taken":0,"max_hp_gain":0,"max_hp_loss":0,"event_name":"Wheel of Change","floor":13,"gold_loss":0,"cards_obtained":["Decay"]},{"damage_healed":0,"gold_gain":0,"player_choice":"Ignored","damage_taken":0,"max_hp_gain":0,"max_hp_loss":0,"event_name":"Vampires","floor":22,"gold_loss":0}],"is_beta":true,"boss_relics":[{"not_picked":["Tiny House","Pandora\u0027s Box"],"picked":"Astrolabe"},{"not_picked":["Sozu","SacredBark"],"picked":"Philosopher\u0027s Stone"}],"items_purged_floors":[28,39],"is_endless":false,"potions_floor_spawned":[2,7,14,16,18,20,25,27,36],"killed_by":"Reptomancer","ascension_level":20}