{"gold_per_floor":[12,12,26,41,41,41,62,62,62,85,55,91,114,154,154,244,244,262,276,191,191],"floor_reached":21,"playtime":1327,"items_purged":[],"score":382,"play_id":"34bd0766-f135-4082-9a82-319a05791f9d","local_time":"20210221161727","is_ascension_mode":true,"campfire_choices":[{"data":"Armaments","floor":6,"key":"SMITH"},{"data":"Inflame","floor":8,"key":"SMITH"},{"data":"Limit Break","floor":15,"key":"SMITH"}],"neow_cost":"NO_GOLD","seed_source_timestamp":743418064211500,"circlet_count":0,"master_deck":["AscendersBane","Strike_R","Strike_R","Strike_R","Defend_R","Defend_R","Defend_R","Defend_R","Bash","Power Through","Limit Break+1","Armaments+1","Burning Pact","Twin Strike","Inflame+1","Shrug It Off","Headbutt","Cleave","Limit Break"],"relics":["Burning Blood","Golden Idol","Pantograph","The Courier","Sozu","TungstenRod"],"potions_floor_usage":[11,12,14,21],"damage_taken":[{"damage":0,"enemies":"2 Louse","floor":1,"turns":4},{"damage":4,"enemies":"Jaw Worm","floor":3,"turns":5},{"damage":8,"enemies":"Cultist","floor":4,"turns":6},{"damage":12,"enemies":"Looter","floor":7,"turns":3},{"damage":8,"enemies":"3 Louse","floor":10,"turns":6},{"damage":22,"enemies":"3 Sentries","floor":12,"turns":7},{"damage":8,"enemies":"Blue Slaver","floor":13,"turns":3},{"damage":5,"enemies":"Lagavulin","floor":14,"turns":5},{"damage":36,"enemies":"The Guardian","floor":16,"turns":9},{"damage":17,"enemies":"Spheric Guardian","floor":18,"turns":4},{"damage":22,"enemies":"2 Thieves","floor":19,"turns":3},{"damage":40,"enemies":"Cultist and Chosen","floor":21,"turns":6}],"seed_played":"-7041822673843090181","potions_obtained":[{"floor":1,"key":"DuplicationPotion"},{"floor":10,"key":"SmokeBomb"},{"floor":11,"key":"Fruit Juice"},{"floor":11,"key":"LiquidBronze"},{"floor":16,"key":"GamblersBrew"}],"is_trial":false,"path_per_floor":["M","?","M","M","?","R","M","R","T","M","?","E","M","E","R","B",null,"M","M","?","M"],"character_chosen":"IRONCLAD","items_purchased":[],"campfire_rested":0,"item_purchase_floors":[],"current_hp_per_floor":[74,68,68,66,66,66,60,60,60,58,63,47,45,46,46,41,65,54,38,38,0],"gold":191,"neow_bonus":"TRANSFORM_TWO_CARDS","is_prod":false,"is_daily":false,"chose_seed":false,"campfire_upgraded":3,"win_rate":0,"timestamp":1613953047,"path_taken":["M","?","M","M","?","R","M","R","T","M","?","E","M","E","R","BOSS","M","?","?","M"],"build_version":"2020-12-18","purchased_purges":0,"victory":false,"max_hp_per_floor":[75,68,68,68,68,68,68,68,68,68,73,73,73,73,73,73,73,73,73,73,73],"relic_stats":{"Sozu":1,"counters":[12,61],"Golden Idol":60,"Pantograph":25,"obtain_stats":[{"Sozu":17,"Golden Idol":2,"Pantograph":9,"The Courier":14,"Burning Blood":0,"TungstenRod":20},{"Sozu":9,"Golden Idol":1,"Pantograph":4,"The Courier":8,"Burning Blood":0,"TungstenRod":11},{"Sozu":48,"Golden Idol":4,"Pantograph":18,"The Courier":39,"Burning Blood":0,"TungstenRod":55}],"Burning Blood":64,"TungstenRod":7},"card_choices":[{"not_picked":["Evolve","Clothesline"],"picked":"Armaments","floor":1},{"not_picked":["Perfected Strike","Reckless Charge"],"picked":"Burning Pact","floor":3},{"not_picked":["Flex","Shrug It Off"],"picked":"Twin Strike","floor":4},{"not_picked":["Power Through","Infernal Blade"],"picked":"Inflame","floor":7},{"not_picked":["Ghostly Armor","Dropkick"],"picked":"Shrug It Off","floor":10},{"not_picked":["Rage","Warcry"],"picked":"Headbutt","floor":12},{"not_picked":["Intimidate","Thunderclap"],"picked":"Cleave","floor":13},{"not_picked":["Armaments","Power Through","Exhume"],"picked":"SKIP","floor":14},{"not_picked":["Impervious","Fiend Fire"],"picked":"Limit Break","floor":16},{"not_picked":["Dropkick","Anger","Perfected Strike+1"],"picked":"SKIP","floor":18},{"not_picked":["Hemokinesis","Sword Boomerang","Metallicize"],"picked":"SKIP","floor":19}],"player_experience":3474544,"relics_obtained":[{"floor":9,"key":"Pantograph"},{"floor":14,"key":"The Courier"}],"event_choices":[{"damage_healed":0,"gold_gain":0,"player_choice":"Lose Max HP","damage_taken":0,"relics_obtained":["Golden Idol"],"max_hp_gain":0,"max_hp_loss":7,"event_name":"Golden Idol","floor":2,"gold_loss":0},{"damage_healed":0,"gold_gain":0,"player_choice":"Ignored","damage_taken":0,"max_hp_gain":0,"max_hp_loss":0,"event_name":"Liars Game","floor":5,"gold_loss":0},{"damage_healed":0,"gold_gain":0,"player_choice":"Bought 2 Potions","damage_taken":0,"max_hp_gain":0,"max_hp_loss":0,"event_name":"The Woman in Blue","floor":11,"gold_loss":0},{"damage_healed":0,"gold_gain":0,"player_choice":"Obtained Relic","damage_taken":0,"relics_obtained":["TungstenRod"],"max_hp_gain":0,"max_hp_loss":0,"event_name":"Addict","floor":20,"gold_loss":85}],"is_beta":true,"boss_relics":[{"not_picked":["Runic Pyramid","Busted Crown"],"picked":"Sozu"}],"items_purged_floors":[],"is_endless":false,"potions_floor_spawned":[1,10,16,18],"killed_by":"Cultist and Chosen","ascension_level":20}