{"gold_per_floor":[368,205,205,219,219,219,246,246,293,303,330,340,354,384,384,461,461,474,345,345,364,17,17,33,33,33,50,84,84,109,109,109,185,185,195,245,258,273,273,304,320,320,320,335,360,360,378,192,192,192,192],"floor_reached":51,"playtime":3738,"items_purged":["Strike_R","Strike_R"],"score":1434,"play_id":"092e2848-028f-4484-8e50-0ff620a9a6bb","local_time":"20210216231331","is_ascension_mode":true,"campfire_choices":[{"data":"Perfected Strike","floor":6,"key":"SMITH"},{"data":"Juggernaut","floor":8,"key":"SMITH"},{"data":"Blood for Blood","floor":15,"key":"SMITH"},{"data":"Armaments","floor":23,"key":"SMITH"},{"data":"Rupture","floor":25,"key":"SMITH"},{"data":"Dual Wield","floor":32,"key":"SMITH"},{"floor":42,"key":"RECALL"},{"floor":46,"key":"REST"},{"floor":49,"key":"REST"}],"neow_cost":"TEN_PERCENT_HP_LOSS","seed_source_timestamp":333975520172600,"circlet_count":0,"master_deck":["AscendersBane","Strike_R","Strike_R","Strike_R","Defend_R","Defend_R","Defend_R","Defend_R","Bash","Rupture+1","Juggernaut+1","Perfected Strike+1","True Grit","Iron Wave","Shrug It Off","Blood for Blood+1","Reaper","Metallicize+1","Shrug It Off","RitualDagger","Armaments+1","Offering","Offering","Combust","Dual Wield+1","Demon Form","Warcry+1","Barricade"],"relics":["Burning Blood","Torii","Oddly Smooth Stone","Singing Bowl","Thread and Needle","Velvet Choker","DollysMirror","White Beast Statue","Ginger","Lizard Tail","SacredBark","PreservedInsect","Sundial"],"potions_floor_usage":[11,11,14,16,30,31,38,40,40,44,44,45,47,50],"damage_taken":[{"damage":1,"enemies":"Cultist","floor":1,"turns":3},{"damage":9,"enemies":"Jaw Worm","floor":4,"turns":4},{"damage":36,"enemies":"Lagavulin","floor":7,"turns":8},{"damage":0,"enemies":"2 Louse","floor":10,"turns":3},{"damage":1,"enemies":"Gremlin Nob","floor":11,"turns":3},{"damage":9,"enemies":"Blue Slaver","floor":12,"turns":5},{"damage":14,"enemies":"Red Slaver","floor":13,"turns":3},{"damage":13,"enemies":"3 Sentries","floor":14,"turns":10},{"damage":19,"enemies":"The Guardian","floor":16,"turns":10},{"damage":12,"enemies":"3 Byrds","floor":18,"turns":6},{"damage":8,"enemies":"2 Thieves","floor":21,"turns":4},{"damage":1,"enemies":"Centurion and Healer","floor":24,"turns":7},{"damage":7,"enemies":"Snake Plant","floor":27,"turns":3},{"damage":23,"enemies":"Slavers","floor":28,"turns":5},{"damage":17,"enemies":"Gremlin Leader","floor":30,"turns":5},{"damage":6,"enemies":"Chosen and Byrds","floor":31,"turns":3},{"damage":29,"enemies":"Champ","floor":33,"turns":11},{"damage":12,"enemies":"Orb Walker","floor":35,"turns":3},{"damage":13,"enemies":"3 Shapes","floor":37,"turns":5},{"damage":52,"enemies":"3 Darklings","floor":38,"turns":13},{"damage":52,"enemies":"Giant Head","floor":40,"turns":6},{"damage":4,"enemies":"4 Shapes","floor":41,"turns":10},{"damage":30,"enemies":"Transient","floor":44,"turns":6},{"damage":61,"enemies":"Reptomancer","floor":45,"turns":8},{"damage":48,"enemies":"Writhing Mass","floor":47,"turns":9},{"damage":63,"enemies":"Donu and Deca","floor":50,"turns":11},{"damage":169,"enemies":"Awakened One","floor":51,"turns":6}],"seed_played":"-7655293416100186766","potions_obtained":[{"floor":1,"key":"SneckoOil"},{"floor":7,"key":"FearPotion"},{"floor":11,"key":"GamblersBrew"},{"floor":13,"key":"GamblersBrew"},{"floor":16,"key":"SpeedPotion"},{"floor":18,"key":"FairyPotion"},{"floor":30,"key":"SmokeBomb"},{"floor":33,"key":"FearPotion"},{"floor":35,"key":"DuplicationPotion"},{"floor":38,"key":"SneckoOil"},{"floor":40,"key":"FearPotion"},{"floor":41,"key":"Block Potion"},{"floor":44,"key":"SpeedPotion"},{"floor":45,"key":"Weak Potion"},{"floor":47,"key":"Ancient Potion"}],"is_trial":false,"path_per_floor":["M","$","?","M","?","R","E","R","T","M","E","M","M","E","R","B",null,"M","$","?","M","$","R","M","R","T","M","E","?","E","M","R","B",null,"M","?","M","M","?","E","M","R","T","M","E","R","M","$","R","B","B"],"character_chosen":"IRONCLAD","items_purchased":["Juggernaut","Shrug It Off","Offering","DollysMirror","LiquidMemories"],"campfire_rested":2,"item_purchase_floors":[2,19,22,22,48],"current_hp_per_floor":[68,68,68,65,65,65,35,35,35,41,48,45,39,32,32,19,59,59,59,53,51,51,51,58,58,58,59,44,44,45,45,45,24,66,67,67,74,86,86,59,61,61,61,59,16,42,62,62,89,90,0],"gold":192,"neow_bonus":"TWO_FIFTY_GOLD","is_prod":false,"is_daily":false,"chose_seed":false,"campfire_upgraded":6,"win_rate":0,"timestamp":1613546011,"path_taken":["M","$","?","M","?","R","E","R","T","M","E","M","M","E","R","BOSS","M","$","?","M","$","R","M","R","T","M","E","?","E","M","R","BOSS","M","?","?","M","?","E","M","R","T","M","E","R","M","$","R","BOSS","BOSS"],"build_version":"2020-12-18","purchased_purges":2,"victory":false,"max_hp_per_floor":[68,68,68,68,68,68,68,68,68,68,70,70,72,72,72,72,72,72,72,72,72,72,72,74,74,74,76,78,78,78,78,78,80,80,82,82,84,86,86,88,88,88,88,88,88,88,90,90,90,90,90],"relic_stats":{"Lizard Tail":45,"Torii":66,"Singing Bowl":22,"counters":[27,170],"Sundial":[2],"PreservedInsect":78,"Ginger":[12],"obtain_stats":[{"Torii":7,"Singing Bowl":11,"SacredBark":34,"Oddly Smooth Stone":9,"Velvet Choker":17,"Thread and Needle":14,"PreservedInsect":40,"Ginger":28,"Burning Blood":0,"White Beast Statue":26,"Lizard Tail":30,"DollysMirror":22,"Sundial":45},{"Torii":3,"Singing Bowl":5,"SacredBark":17,"Oddly Smooth Stone":3,"Velvet Choker":9,"Thread and Needle":8,"PreservedInsect":21,"Ginger":14,"Burning Blood":0,"White Beast Statue":12,"Lizard Tail":15,"DollysMirror":11,"Sundial":24},{"Torii":15,"Singing Bowl":21,"SacredBark":93,"Oddly Smooth Stone":15,"Velvet Choker":49,"Thread and Needle":39,"PreservedInsect":120,"Ginger":74,"Burning Blood":0,"White Beast Statue":66,"Lizard Tail":79,"DollysMirror":59,"Sundial":144}],"Burning Blood":140},"card_choices":[{"not_picked":["Second Wind","Ghostly Armor"],"picked":"Rupture","floor":1},{"not_picked":["Havoc","Heavy Blade"],"picked":"Perfected Strike","floor":4},{"not_picked":["Warcry","Headbutt"],"picked":"True Grit","floor":7},{"not_picked":["Spot Weakness","Seeing Red"],"picked":"Iron Wave","floor":10},{"not_picked":["True Grit","Combust","Evolve"],"picked":"Singing Bowl","floor":11},{"not_picked":["Pommel Strike","Heavy Blade"],"picked":"Shrug It Off","floor":12},{"not_picked":["Twin Strike","Perfected Strike","Brutality"],"picked":"Singing Bowl","floor":13},{"not_picked":["Anger","Demon Form"],"picked":"Blood for Blood","floor":14},{"not_picked":["Fiend Fire","Exhume"],"picked":"Reaper","floor":16},{"not_picked":["Blood for Blood","Rage"],"picked":"Metallicize+1","floor":18},{"not_picked":["Heavy Blade","Warcry"],"picked":"Armaments","floor":21},{"not_picked":["True Grit","Anger","Thunderclap+1"],"picked":"Singing Bowl","floor":24},{"not_picked":["Iron Wave","Clash","Perfected Strike"],"picked":"Singing Bowl","floor":27},{"not_picked":["Anger","Body Slam","Sword Boomerang"],"picked":"Singing Bowl","floor":28},{"not_picked":["Flex","Immolate"],"picked":"Dual Wield","floor":30},{"not_picked":["Bludgeon","Fiend Fire","Corruption"],"picked":"Singing Bowl","floor":33},{"not_picked":["True Grit","Wild Strike","Armaments"],"picked":"Singing Bowl","floor":35},{"not_picked":["Shockwave","True Grit","Headbutt"],"picked":"Singing Bowl","floor":37},{"not_picked":["Twin Strike","Rupture","Infernal Blade"],"picked":"Singing Bowl","floor":38},{"not_picked":["Pommel Strike","Perfected Strike","Wild Strike"],"picked":"Singing Bowl","floor":40},{"not_picked":["Havoc","True Grit"],"picked":"Demon Form","floor":41},{"not_picked":["Wild Strike","Armaments"],"picked":"Warcry+1","floor":44},{"not_picked":["Intimidate","Clothesline+1"],"picked":"Barricade","floor":45},{"not_picked":["Wild Strike","Flex","Sentinel"],"picked":"Singing Bowl","floor":47}],"player_experience":3381440,"relics_obtained":[{"floor":7,"key":"Torii"},{"floor":9,"key":"Oddly Smooth Stone"},{"floor":11,"key":"Singing Bowl"},{"floor":14,"key":"Thread and Needle"},{"floor":26,"key":"White Beast Statue"},{"floor":28,"key":"Ginger"},{"floor":30,"key":"Lizard Tail"},{"floor":40,"key":"PreservedInsect"},{"floor":45,"key":"Sundial"}],"event_choices":[{"damage_healed":0,"gold_gain":0,"player_choice":"Leave","damage_taken":0,"max_hp_gain":0,"max_hp_loss":0,"event_name":"The Cleric","floor":3,"gold_loss":0},{"damage_healed":0,"gold_gain":0,"player_choice":"Ignored","damage_taken":0,"max_hp_gain":0,"max_hp_loss":0,"event_name":"Liars Game","floor":5,"gold_loss":0},{"damage_healed":0,"gold_gain":0,"player_choice":"Joined the Cult","damage_taken":6,"max_hp_gain":0,"max_hp_loss":0,"event_name":"Nest","floor":20,"gold_loss":0,"cards_obtained":["RitualDagger"]},{"damage_healed":0,"gold_gain":0,"player_choice":"Read","damage_taken":0,"max_hp_gain":0,"max_hp_loss":0,"event_name":"The Library","floor":29,"gold_loss":0,"cards_obtained":["Combust"]},{"damage_healed":0,"gold_gain":50,"player_choice":"Pray","damage_taken":0,"max_hp_gain":0,"max_hp_loss":0,"event_name":"Golden Shrine","floor":36,"gold_loss":0},{"damage_healed":0,"gold_gain":0,"player_choice":"Ignored","damage_taken":0,"max_hp_gain":0,"max_hp_loss":0,"event_name":"Tomb of Lord Red Mask","floor":39,"gold_loss":0}],"is_beta":true,"boss_relics":[{"not_picked":["Black Blood","Runic Cube"],"picked":"Velvet Choker"},{"not_picked":["Black Star","Runic Dome"],"picked":"SacredBark"}],"items_purged_floors":[19,48],"is_endless":false,"potions_floor_spawned":[1,7,11,13,16,18,24,27,28,30,31,33,35,37,38,40,41,44,45,47],"killed_by":"Awakened One","ascension_level":20}