{"gold_per_floor":[214,214,53,53,128,153,166,198,222,239,264,25,25,60,60,60],"floor_reached":16,"playtime":866,"items_purged":["Strike_R"],"score":252,"play_id":"2c2822cd-89e5-4918-bfef-62ea346a9f15","local_time":"20210213165514","is_ascension_mode":true,"campfire_choices":[{"floor":15,"key":"REST"}],"neow_cost":"NONE","seed_source_timestamp":54955501052900,"circlet_count":0,"master_deck":["AscendersBane","Strike_R","Strike_R","Strike_R","Strike_R","Defend_R","Defend_R","Defend_R","Defend_R","Bash+1","Fire Breathing","Immolate","Demon Form","Pommel Strike","Spot Weakness","Fiend Fire","Armaments"],"relics":["Burning Blood","Omamori","Juzu Bracelet","Centennial Puzzle","WingedGreaves","Orichalcum","Gambling Chip"],"potions_floor_usage":[6,16],"damage_taken":[{"damage":9,"enemies":"Jaw Worm","floor":1,"turns":5},{"damage":13,"enemies":"3 Sentries","floor":6,"turns":4},{"damage":0,"enemies":"2 Louse","floor":7,"turns":1},{"damage":32,"enemies":"Gremlin Nob","floor":8,"turns":4},{"damage":0,"enemies":"Small Slimes","floor":10,"turns":2},{"damage":20,"enemies":"Lagavulin","floor":11,"turns":7},{"damage":8,"enemies":"3 Sentries","floor":14,"turns":4},{"damage":40,"enemies":"The Guardian","floor":16,"turns":9}],"seed_played":"212854960867555566","potions_obtained":[{"floor":1,"key":"Block Potion"},{"floor":10,"key":"GamblersBrew"},{"floor":11,"key":"ElixirPotion"}],"is_trial":false,"path_per_floor":["M","?","$","?","?","E","M","E","T","M","E","$","?","E","R","B"],"character_chosen":"IRONCLAD","items_purchased":["Immolate","Orichalcum"],"campfire_rested":1,"item_purchase_floors":[3,12],"current_hp_per_floor":[65,65,65,65,54,47,53,27,27,33,19,19,19,17,39,0],"gold":60,"neow_bonus":"HUNDRED_GOLD","is_prod":false,"is_daily":false,"chose_seed":false,"campfire_upgraded":0,"win_rate":0,"timestamp":1613264114,"path_taken":["M","?","$","?","?","E","?","E","T","M","E","$","?","E","R","BOSS"],"build_version":"2020-12-18","purchased_purges":1,"victory":false,"max_hp_per_floor":[75,75,75,75,75,75,75,75,75,75,75,75,75,75,75,75],"relic_stats":{"Centennial Puzzle":[9],"counters":[8,36],"Gambling Chip":[8],"Juzu Bracelet":0,"Orichalcum":[42],"obtain_stats":[{"Centennial Puzzle":9,"Gambling Chip":14,"WingedGreaves":11,"Omamori":6,"Juzu Bracelet":8,"Orichalcum":12,"Burning Blood":0},{"Centennial Puzzle":4,"Gambling Chip":7,"WingedGreaves":6,"Omamori":2,"Juzu Bracelet":4,"Orichalcum":6,"Burning Blood":0},{"Centennial Puzzle":14,"Gambling Chip":27,"WingedGreaves":23,"Omamori":9,"Juzu Bracelet":14,"Orichalcum":23,"Burning Blood":0}],"Burning Blood":42},"card_choices":[{"not_picked":["Body Slam","Clash"],"picked":"Fire Breathing","floor":1},{"not_picked":["Disarm","Dual Wield"],"picked":"Demon Form","floor":6},{"not_picked":["Ghostly Armor","Cleave"],"picked":"Pommel Strike","floor":7},{"not_picked":["Flex","Body Slam"],"picked":"Spot Weakness","floor":8},{"not_picked":["Ghostly Armor","Body Slam","True Grit"],"picked":"SKIP","floor":10},{"not_picked":["Wild Strike","Cleave"],"picked":"Fiend Fire","floor":11},{"not_picked":["Pommel Strike","Body Slam"],"picked":"Armaments","floor":14}],"player_experience":3325719,"relics_obtained":[{"floor":6,"key":"Omamori"},{"floor":8,"key":"Juzu Bracelet"},{"floor":9,"key":"Centennial Puzzle"},{"floor":11,"key":"WingedGreaves"},{"floor":14,"key":"Gambling Chip"}],"event_choices":[{"damage_healed":0,"gold_gain":0,"player_choice":"Grow","damage_taken":0,"max_hp_gain":0,"max_hp_loss":0,"event_name":"Living Wall","floor":2,"gold_loss":0,"cards_upgraded":["Bash"]},{"damage_healed":0,"gold_gain":0,"player_choice":"Leave","damage_taken":0,"max_hp_gain":0,"max_hp_loss":0,"event_name":"The Cleric","floor":4,"gold_loss":0},{"damage_healed":0,"gold_gain":75,"player_choice":"Gather Gold","damage_taken":11,"max_hp_gain":0,"max_hp_loss":0,"event_name":"World of Goop","floor":5,"gold_loss":0},{"damage_healed":0,"gold_gain":0,"player_choice":"Ignored","damage_taken":0,"max_hp_gain":0,"max_hp_loss":0,"event_name":"Liars Game","floor":13,"gold_loss":0}],"is_beta":true,"boss_relics":[],"items_purged_floors":[12],"is_endless":false,"potions_floor_spawned":[1,10,11,14],"killed_by":"The Guardian","ascension_level":20}