{"gold_per_floor":[112,126,0,19,94,94,40,40,110,110,110,145,145,174,174,174],"floor_reached":16,"playtime":553,"items_purged":[],"score":216,"play_id":"48639da6-bf9b-4cd7-b008-d540a6e76b52","local_time":"20210216220932","is_ascension_mode":true,"campfire_choices":[{"data":"Uppercut","floor":6,"key":"SMITH"},{"data":"Armaments","floor":10,"key":"SMITH"},{"data":"Spot Weakness","floor":15,"key":"SMITH"}],"neow_cost":"PERCENT_DAMAGE","seed_source_timestamp":333322031317500,"circlet_count":0,"master_deck":["AscendersBane","Strike_R","Strike_R","Strike_R","Strike_R","Strike_R","Defend_R","Defend_R","Defend_R","Defend_R","Bash","Sword Boomerang","Uppercut+1","Rupture","Spot Weakness+1","Armaments+1","Reaper","Parasite"],"relics":["Burning Blood","Ginger","Gremlin Horn","Vajra","The Courier"],"potions_floor_usage":[8,12,16],"damage_taken":[{"damage":15,"enemies":"Small Slimes","floor":1,"turns":4},{"damage":10,"enemies":"2 Louse","floor":2,"turns":3},{"damage":4,"enemies":"Jaw Worm","floor":4,"turns":5},{"damage":0,"enemies":"Exordium Wildlife","floor":8,"turns":1},{"damage":25,"enemies":"3 Sentries","floor":12,"turns":8},{"damage":6,"enemies":"Gremlin Nob","floor":14,"turns":3},{"damage":34,"enemies":"Hexaghost","floor":16,"turns":8}],"seed_played":"3238637664406603313","potions_obtained":[{"floor":4,"key":"SmokeBomb"},{"floor":14,"key":"FearPotion"}],"is_trial":false,"path_per_floor":["M","M","$","M","?","R","$","M","T","R","?","E","?","E","R","B"],"character_chosen":"IRONCLAD","items_purchased":["LiquidMemories","Rupture","Armaments"],"campfire_rested":0,"item_purchase_floors":[3,3,7],"current_hp_per_floor":[41,37,37,39,28,28,28,34,34,34,34,15,33,33,33,0],"gold":174,"neow_bonus":"ONE_RARE_RELIC","is_prod":false,"is_daily":false,"chose_seed":false,"campfire_upgraded":3,"win_rate":0,"timestamp":1613542172,"path_taken":["M","M","$","M","?","R","$","M","T","R","?","E","?","E","R","BOSS"],"build_version":"2020-12-18","purchased_purges":0,"victory":false,"max_hp_per_floor":[75,75,75,75,75,75,75,75,75,75,75,75,75,75,75,75],"relic_stats":{"Gremlin Horn":[2,2],"counters":[7,32],"Ginger":[3],"obtain_stats":[{"Gremlin Horn":9,"Vajra":12,"The Courier":14,"Ginger":0,"Burning Blood":0},{"Gremlin Horn":4,"Vajra":5,"The Courier":6,"Ginger":0,"Burning Blood":0},{"Gremlin Horn":13,"Vajra":21,"The Courier":24,"Ginger":0,"Burning Blood":0}],"Burning Blood":36},"card_choices":[{"not_picked":["Warcry","Sever Soul"],"picked":"Sword Boomerang","floor":1},{"not_picked":["Reckless Charge","Shrug It Off"],"picked":"Uppercut","floor":2},{"not_picked":["Anger","Body Slam"],"picked":"Spot Weakness","floor":4},{"not_picked":["Sever Soul","Clash"],"picked":"Reaper","floor":12},{"not_picked":["True Grit","Cleave","Anger"],"picked":"SKIP","floor":14}],"player_experience":3380887,"relics_obtained":[{"floor":9,"key":"Gremlin Horn"},{"floor":12,"key":"Vajra"},{"floor":14,"key":"The Courier"}],"event_choices":[{"damage_healed":0,"gold_gain":75,"player_choice":"Gather Gold","damage_taken":11,"max_hp_gain":0,"max_hp_loss":0,"event_name":"World of Goop","floor":5,"gold_loss":0},{"damage_healed":0,"gold_gain":0,"player_choice":"Ignored","damage_taken":0,"max_hp_gain":0,"max_hp_loss":0,"event_name":"Shining Light","floor":11,"gold_loss":0},{"damage_healed":18,"gold_gain":0,"player_choice":"Healed and dodged fight","damage_taken":0,"max_hp_gain":0,"max_hp_loss":0,"event_name":"Mushrooms","floor":13,"gold_loss":0,"cards_obtained":["Parasite"]}],"is_beta":true,"boss_relics":[],"items_purged_floors":[],"is_endless":false,"potions_floor_spawned":[4,8,14],"killed_by":"Hexaghost","ascension_level":20}