{"gold_per_floor":[115,132,32,47,47,47,77,77,131,131,131,150,167,198,198,277,277,295,295,295,313,77,77,104,115,115,143,143,3,3,3,3,80,80,92,106,123,123,138,138],"floor_reached":40,"playtime":3958,"items_purged":["Strike_R"],"score":1048,"play_id":"a3a5b9d2-7b80-4585-bcbf-355f1e13893d","local_time":"20210218211530","is_ascension_mode":true,"campfire_choices":[{"data":"Armaments","floor":6.0,"key":"SMITH"},{"data":"Combust","floor":10.0,"key":"SMITH"},{"data":"Immolate","floor":15.0,"key":"SMITH"},{"data":"Barricade","floor":23.0,"key":"SMITH"},{"data":"Battle Trance","floor":28.0,"key":"SMITH"},{"data":"Impervious","floor":30.0,"key":"SMITH"},{"floor":32.0,"key":"REST"}],"neow_cost":"NONE","seed_source_timestamp":499439164095400,"circlet_count":0,"master_deck":["AscendersBane","Strike_R","Strike_R","Strike_R","Strike_R","Defend_R","Defend_R","Defend_R","Defend_R","Bash","Feed","Perfected Strike+1","Headbutt","Combust+1","Armaments+1","Second Wind","Rupture","Immolate+1","Impervious+1","Barricade+1","Battle Trance+1","Blood for Blood","Echo Form","Entrench","Body Slam","Meteor Strike","Cloak And Dagger"],"special_seed":0,"relics":["Burning Blood","Odd Mushroom","Gambling Chip","Regal Pillow","Velvet Choker","PrismaticShard","Juzu Bracelet","Frozen Egg 2","Shuriken","Coffee Dripper"],"potions_floor_usage":[36,39,39],"damage_taken":[{"damage":8.0,"enemies":"2 Louse","floor":1.0,"turns":3.0},{"damage":11.0,"enemies":"Jaw Worm","floor":2.0,"turns":5.0},{"damage":10.0,"enemies":"Small Slimes","floor":4.0,"turns":3.0},{"damage":34.0,"enemies":"The Mushroom Lair","floor":7.0,"turns":6.0},{"damage":11.0,"enemies":"Looter","floor":12.0,"turns":5.0},{"damage":3.0,"enemies":"3 Louse","floor":13.0,"turns":3.0},{"damage":8.0,"enemies":"Gremlin Nob","floor":14.0,"turns":3.0},{"damage":23.0,"enemies":"Slime Boss","floor":16.0,"turns":8.0},{"damage":9.0,"enemies":"2 Thieves","floor":18.0,"turns":4.0},{"damage":22.0,"enemies":"Shell Parasite","floor":21.0,"turns":5.0},{"damage":9.0,"enemies":"Slavers","floor":24.0,"turns":3.0},{"damage":2.0,"enemies":"Centurion and Healer","floor":25.0,"turns":9.0},{"damage":16.0,"enemies":"Gremlin Leader","floor":27.0,"turns":7.0},{"damage":5,"enemies":"Automaton","floor":33,"turns":8},{"damage":0,"enemies":"Orb Walker","floor":35,"turns":4},{"damage":26,"enemies":"3 Shapes","floor":36,"turns":5},{"damage":37,"enemies":"Spire Growth","floor":37,"turns":7},{"damage":23,"enemies":"Maw","floor":39,"turns":10},{"damage":83,"enemies":"Reptomancer","floor":40,"turns":5}],"seed_played":"-5915672427261429217","potions_obtained":[{"floor":4.0,"key":"Explosive Potion"},{"floor":12.0,"key":"EssenceOfSteel"},{"floor":21.0,"key":"SpeedPotion"},{"floor":24.0,"key":"Block Potion"},{"floor":27.0,"key":"BloodPotion"},{"floor":36,"key":"Regen Potion"}],"is_trial":false,"path_per_floor":["M","M","$","M","?","R","?","T","T","R","?","M","M","E","R","B",null,"M","?","?","M","$","R","E","M","T","E","R","$","R","?","R","B",null,"M","M","M","?","M","E"],"character_chosen":"IRONCLAD","items_purchased":["Combust","Armaments","PrismaticShard","Entrench","Body Slam"],"campfire_rested":1,"item_purchase_floors":[3,3,22,29,29],"current_hp_per_floor":[69,64,64,64,64,64,40,40,40,40,40,38,45,46,46,29,79,79,79,79,63,63,63,63,71,71,64,64,64,64,64,109,109,109,112,115,88,78,76,0],"gold":138,"neow_bonus":"ONE_RANDOM_RARE_CARD","is_prod":false,"is_daily":false,"chose_seed":false,"campfire_upgraded":6,"win_rate":0,"timestamp":1613711730,"path_taken":["M","M","$","M","?","R","?","?","T","R","?","M","M","E","R","BOSS","M","?","?","M","$","R","E","M","T","E","R","$","R","?","R","BOSS","M","M","M","?","M","E"],"build_version":"2020-12-18","purchased_purges":1,"victory":false,"max_hp_per_floor":[78,78,78,82,82,82,86,86,86,86,86,89,93,96,96,96,96,99,99,99,99,99,99,102,106,106,109,109,109,109,109,109,109,109,112,115,119,119,119,119],"relic_stats":{"Regal Pillow":13,"counters":[19,103],"Shuriken":[10],"Gambling Chip":[50],"Juzu Bracelet":0,"obtain_stats":[{"Regal Pillow":9,"Shuriken":27,"Gambling Chip":8,"Velvet Choker":17,"Juzu Bracelet":24,"Coffee Dripper":34,"Odd Mushroom":7,"Frozen Egg 2":26,"PrismaticShard":22,"Burning Blood":0},{"Regal Pillow":4,"Shuriken":13,"Gambling Chip":4,"Velvet Choker":8,"Juzu Bracelet":11,"Coffee Dripper":14,"Odd Mushroom":4,"Frozen Egg 2":12,"PrismaticShard":10,"Burning Blood":0},{"Regal Pillow":17,"Shuriken":64,"Gambling Chip":17,"Velvet Choker":36,"Juzu Bracelet":48,"Coffee Dripper":72,"Odd Mushroom":17,"Frozen Egg 2":57,"PrismaticShard":45,"Burning Blood":0}],"Burning Blood":101},"card_choices":[{"not_picked":["Heavy Blade","Clothesline"],"picked":"Perfected Strike","floor":1.0},{"not_picked":["Twin Strike","Whirlwind"],"picked":"Headbutt","floor":2.0},{"not_picked":["Iron Wave","Clothesline","Dual Wield"],"picked":"SKIP","floor":4.0},{"not_picked":["Burning Pact","Disarm"],"picked":"Second Wind","floor":7.0},{"not_picked":["Twin Strike","Clothesline"],"picked":"Rupture","floor":12.0},{"not_picked":["Uppercut","Hemokinesis"],"picked":"Immolate","floor":13.0},{"not_picked":["Clash","Headbutt"],"picked":"Impervious","floor":14.0},{"not_picked":["Bludgeon","Feed"],"picked":"Barricade","floor":16.0},{"not_picked":["Heavy Blade","Havoc","Flex"],"picked":"SKIP","floor":18.0},{"not_picked":["Thunderclap","Wild Strike"],"picked":"Blood for Blood","floor":21.0},{"not_picked":["Ball Lightning","SashWhip"],"picked":"Echo Form","floor":24.0},{"not_picked":["Perfected Strike","Warcry+1","Heavy Blade"],"picked":"SKIP","floor":25.0},{"not_picked":["CrushJoints","Scrape","Panacea"],"picked":"SKIP","floor":27.0},{"not_picked":["Corpse Explosion","Vault"],"picked":"Meteor Strike","floor":33},{"not_picked":["CrushJoints","Slice","Compile Driver+1"],"picked":"SKIP","floor":35},{"not_picked":["Turbo","Leap","PathToVictory"],"picked":"SKIP","floor":36},{"not_picked":["Stack+1","Wild Strike"],"picked":"Cloak And Dagger","floor":37},{"not_picked":["Riddle With Holes+1","Worship+1","Sanctity"],"picked":"SKIP","floor":39},{"not_picked":["Riddle With Holes+1","Worship+1","Sanctity"],"picked":"SKIP","floor":39}],"player_experience":3402232,"relics_obtained":[{"floor":7.0,"key":"Odd Mushroom"},{"floor":8.0,"key":"Gambling Chip"},{"floor":9.0,"key":"Regal Pillow"},{"floor":24.0,"key":"Juzu Bracelet"},{"floor":26.0,"key":"Frozen Egg 2"},{"floor":27.0,"key":"Shuriken"}],"event_choices":[{"damage_healed":0.0,"max_hp_gain":0.0,"max_hp_loss":0.0,"gold_gain":0.0,"event_name":"Living Wall","player_choice":"Grow","floor":5.0,"gold_loss":0.0,"damage_taken":0.0,"cards_upgraded":["Perfected Strike"]},{"damage_healed":0.0,"max_hp_gain":0.0,"max_hp_loss":0.0,"gold_gain":0.0,"event_name":"Mushrooms","player_choice":"Fought Mushrooms","floor":7.0,"gold_loss":0.0,"damage_taken":0.0},{"damage_healed":0.0,"max_hp_gain":0.0,"max_hp_loss":0.0,"gold_gain":0.0,"event_name":"Scrap Ooze","player_choice":"Fled","floor":11.0,"gold_loss":0.0,"damage_taken":0.0},{"damage_healed":0.0,"max_hp_gain":0.0,"max_hp_loss":0.0,"gold_gain":0.0,"event_name":"The Library","player_choice":"Read","floor":20.0,"gold_loss":0.0,"damage_taken":0.0,"cards_obtained":["Battle Trance"]},{"damage_healed":0.0,"max_hp_gain":0.0,"max_hp_loss":0.0,"gold_gain":0.0,"event_name":"The Mausoleum","player_choice":"Ignored","floor":31.0,"gold_loss":0.0,"damage_taken":0.0},{"damage_healed":0,"gold_gain":0,"player_choice":"Memory 3","damage_taken":10,"max_hp_gain":0,"max_hp_loss":0,"event_name":"SensoryStone","floor":38,"gold_loss":0}],"is_beta":true,"boss_relics":[{"not_picked":["Black Star","Pandora\u0027s Box"],"picked":"Velvet Choker"},{"not_picked":["Runic Cube","Tiny House"],"picked":"Coffee Dripper"}],"items_purged_floors":[22],"is_endless":false,"potions_floor_spawned":[4,12,21,24,27,36],"killed_by":"Reptomancer","ascension_level":20}