{"gold_per_floor":[110,122,122,136,147,181,181,216,289,307,307,337,337,350,350,427,427,446,461,29,29,29,58,58,89,89,118,130,142,142,153,153,227,227,247,263,282,293,306,335,335,361,411,411,411,427,438,464,464,464,464,464,464,139,164,164],"floor_reached":57,"playtime":8303,"items_purged":["Strike_R"],"score":2802,"play_id":"c1f8c0e0-c2b9-487d-806b-57e6352e6d06","local_time":"20210221190110","is_ascension_mode":true,"campfire_choices":[{"floor":7.0,"key":"REST"},{"data":"Carnage","floor":11.0,"key":"SMITH"},{"floor":13.0,"key":"REST"},{"data":"Inflame","floor":15.0,"key":"SMITH"},{"data":"Demon Form","floor":24,"key":"SMITH"},{"data":"Limit Break","floor":32,"key":"SMITH"},{"floor":41,"key":"RECALL"},{"data":"Berserk","floor":44,"key":"SMITH"},{"data":"Offering","floor":49,"key":"SMITH"},{"data":"Shrug It Off","floor":53,"key":"SMITH"}],"neow_cost":"TEN_PERCENT_HP_LOSS","seed_source_timestamp":746232770708900,"circlet_count":0,"master_deck":["AscendersBane","Strike_R","Strike_R","Defend_R","Defend_R","Defend_R","Bash","Inflame+1","Berserk+1","Evolve","Sword Boomerang","Demon Form+1","Carnage+1","Pommel Strike","Fiend Fire+1","Shrug It Off","Shrug It Off+1","Spot Weakness","Limit Break+1","Power Through","Shockwave+1","Reaper","Flame Barrier+1","Thunderclap","Reaper","Armaments+1","Offering+1","Reaper","Anger","Shrug It Off+1"],"special_seed":0,"relics":["Burning Blood","White Beast Statue","Mango","Oddly Smooth Stone","Snecko Eye","Orrery","HornCleat","Akabeko","Omamori","Du-Vu Doll","Bottled Tornado","Nilry\u0027s Codex","Mark of Pain","StoneCalendar","Champion Belt","Smiling Mask","Orichalcum","Happy Flower","Boot"],"potions_floor_usage":[16,19,48,56,56],"damage_taken":[{"damage":1.0,"enemies":"Cultist","floor":1.0,"turns":3.0},{"damage":9.0,"enemies":"2 Louse","floor":2.0,"turns":4.0},{"damage":9.0,"enemies":"Jaw Worm","floor":4.0,"turns":4.0},{"damage":37.0,"enemies":"Lots of Slimes","floor":5.0,"turns":6.0},{"damage":25.0,"enemies":"Lagavulin","floor":6.0,"turns":7.0},{"damage":31.0,"enemies":"Gremlin Nob","floor":8.0,"turns":4.0},{"damage":10.0,"enemies":"Gremlin Gang","floor":10.0,"turns":4.0},{"damage":20.0,"enemies":"3 Sentries","floor":12.0,"turns":6.0},{"damage":14.0,"enemies":"Exordium Wildlife","floor":14.0,"turns":3.0},{"damage":24,"enemies":"Hexaghost","floor":16,"turns":6},{"damage":12,"enemies":"Chosen","floor":18,"turns":4},{"damage":8,"enemies":"3 Byrds","floor":19,"turns":4},{"damage":6,"enemies":"Slavers","floor":23,"turns":6},{"damage":10,"enemies":"Gremlin Leader","floor":25,"turns":4},{"damage":19,"enemies":"Book of Stabbing","floor":27,"turns":4},{"damage":0,"enemies":"Snecko","floor":28,"turns":3},{"damage":0,"enemies":"3 Cultists","floor":29,"turns":3},{"damage":0,"enemies":"Snake Plant","floor":31,"turns":2},{"damage":18,"enemies":"Collector","floor":33,"turns":6},{"damage":22,"enemies":"3 Darklings","floor":35,"turns":4},{"damage":2,"enemies":"Orb Walker","floor":36,"turns":2},{"damage":11,"enemies":"4 Shapes","floor":37,"turns":5},{"damage":28,"enemies":"Sphere and 2 Shapes","floor":38,"turns":4},{"damage":5,"enemies":"Spire Growth","floor":39,"turns":3},{"damage":8,"enemies":"Nemesis","floor":40,"turns":5},{"damage":42,"enemies":"Giant Head","floor":42,"turns":6},{"damage":24,"enemies":"Jaw Worm Horde","floor":46,"turns":3},{"damage":16,"enemies":"3 Darklings","floor":47,"turns":3},{"damage":9,"enemies":"Reptomancer","floor":48,"turns":5},{"damage":50,"enemies":"Time Eater","floor":50,"turns":7},{"damage":46,"enemies":"Awakened One","floor":51,"turns":9},{"damage":60,"enemies":"Shield and Spear","floor":55,"turns":6},{"damage":35,"enemies":"The Heart","floor":56,"turns":9}],"seed_played":"-1296086830286764091","potions_obtained":[{"floor":2.0,"key":"Swift Potion"},{"floor":6.0,"key":"SteroidPotion"},{"floor":8.0,"key":"Fruit Juice"},{"floor":10.0,"key":"DuplicationPotion"},{"floor":12.0,"key":"ElixirPotion"},{"floor":14.0,"key":"AttackPotion"},{"floor":16,"key":"SpeedPotion"},{"floor":18,"key":"GamblersBrew"},{"floor":19,"key":"Regen Potion"},{"floor":23,"key":"Dexterity Potion"},{"floor":27,"key":"PowerPotion"},{"floor":33,"key":"DuplicationPotion"},{"floor":48,"key":"BlessingOfTheForge"}],"is_trial":false,"path_per_floor":["M","M","?","M","M","E","R","E","T","M","R","E","R","M","R","B",null,"M","M","$","?","$","E","R","E","T","E","M","M","?","M","R","B",null,"M","M","M","M","M","E","R","E","T","R","?","M","M","E","R","B","B",null,"R","$","E","B",null],"character_chosen":"IRONCLAD","items_purchased":["Orrery","HornCleat","Happy Flower","HeartOfIron"],"campfire_rested":2,"item_purchase_floors":[20,20,54,54],"current_hp_per_floor":[68,65,65,62,31,12,32,26,26,22,22,8,34,26,26,8,67,61,59,59,59,59,73,73,87,87,82,87,87,66,85,85,87,87,87,87,87,69,86,84,84,83,83,83,83,87,87,87,87,87,87,87,87,87,87,87],"gold":164,"neow_bonus":"TRANSFORM_TWO_CARDS","is_prod":false,"is_daily":false,"chose_seed":false,"campfire_upgraded":7,"win_rate":0,"timestamp":1613962870,"path_taken":["M","M","?","?","M","E","R","E","T","M","R","E","R","M","R","BOSS","M","M","$","?","?","E","R","E","T","E","M","M","?","M","R","BOSS","M","M","M","M","M","E","R","E","T","R","?","M","?","E","R","BOSS","BOSS","R","$","E","BOSS"],"build_version":"2020-12-18","purchased_purges":1,"victory":true,"max_hp_per_floor":[68,68,68,68,68,68,68,87,87,87,87,87,87,87,87,87,87,87,87,87,87,87,87,87,87,87,87,87,87,87,87,87,87,87,87,87,87,87,87,87,87,87,87,87,87,87,87,87,87,87,87,87,87,87,87,87],"relic_stats":{"Happy Flower":[5],"counters":[33,154],"Snecko Eye":[206,198,188,189],"StoneCalendar":[52],"Champion Belt":[26],"Orichalcum":[24],"Smiling Mask":25,"Boot":[0],"obtain_stats":[{"Happy Flower":54,"Nilry\u0027s Codex":30,"Oddly Smooth Stone":12,"Mango":8,"StoneCalendar":40,"Omamori":25,"Bottled Tornado":27,"Orichalcum":48,"Smiling Mask":43,"Boot":55,"Burning Blood":0,"White Beast Statue":6,"Akabeko":23,"Du-Vu Doll":26,"HornCleat":20,"Snecko Eye":17,"Orrery":20,"Mark of Pain":34,"Champion Belt":42},{"Happy Flower":31,"Nilry\u0027s Codex":17,"Oddly Smooth Stone":8,"Mango":6,"StoneCalendar":25,"Omamori":14,"Bottled Tornado":15,"Orichalcum":29,"Smiling Mask":26,"Boot":32,"Burning Blood":0,"White Beast Statue":5,"Akabeko":13,"Du-Vu Doll":14,"HornCleat":12,"Snecko Eye":10,"Orrery":12,"Mark of Pain":19,"Champion Belt":26},{"Happy Flower":139,"Nilry\u0027s Codex":75,"Oddly Smooth Stone":38,"Mango":28,"StoneCalendar":106,"Omamori":65,"Bottled Tornado":69,"Orichalcum":123,"Smiling Mask":112,"Boot":145,"Burning Blood":0,"White Beast Statue":24,"Akabeko":61,"Du-Vu Doll":65,"HornCleat":55,"Snecko Eye":47,"Orrery":55,"Mark of Pain":83,"Champion Belt":112}],"Burning Blood":116},"card_choices":[{"not_picked":["Warcry","Perfected Strike"],"picked":"Evolve","floor":1.0},{"not_picked":["Perfected Strike","Blood for Blood"],"picked":"Sword Boomerang","floor":2.0},{"not_picked":["Armaments","Metallicize"],"picked":"Carnage","floor":4.0},{"not_picked":["Sever Soul","Clash"],"picked":"Pommel Strike","floor":5.0},{"not_picked":["Wild Strike","Rupture"],"picked":"Fiend Fire","floor":6.0},{"not_picked":["Cleave","Sword Boomerang"],"picked":"Shrug It Off","floor":8.0},{"not_picked":["True Grit","Anger"],"picked":"Shrug It Off","floor":10.0},{"not_picked":["Clothesline","Heavy Blade"],"picked":"Spot Weakness","floor":12.0},{"not_picked":["True Grit","Shrug It Off"],"picked":"Limit Break","floor":14.0},{"not_picked":["Thunderclap","Heavy Blade","Clothesline"],"picked":"SKIP","floor":18},{"not_picked":["Havoc","Shrug It Off"],"picked":"Power Through","floor":19},{"not_picked":["Clothesline","Cleave"],"picked":"Shockwave+1","floor":20},{"not_picked":["Wild Strike","True Grit"],"picked":"Reaper","floor":20},{"not_picked":["Heavy Blade","Immolate"],"picked":"Flame Barrier+1","floor":20},{"not_picked":["Bloodletting","Headbutt","Twin Strike"],"picked":"SKIP","floor":23},{"not_picked":["Evolve","Pommel Strike","Sever Soul+1"],"picked":"SKIP","floor":25},{"not_picked":["Infernal Blade","Headbutt","Shockwave"],"picked":"SKIP","floor":27},{"not_picked":["Body Slam","Carnage+1","Pummel"],"picked":"SKIP","floor":28},{"not_picked":["Cleave","Clothesline"],"picked":"Thunderclap","floor":29},{"not_picked":["Pommel Strike","Juggernaut","Sentinel"],"picked":"SKIP","floor":31},{"not_picked":["Barricade","Berserk"],"picked":"Reaper","floor":33},{"not_picked":["Hemokinesis","Pommel Strike"],"picked":"Armaments+1","floor":35},{"not_picked":["Headbutt+1","Searing Blow","Sentinel"],"picked":"SKIP","floor":36},{"not_picked":["Thunderclap","Body Slam+1","Sword Boomerang+1"],"picked":"SKIP","floor":37},{"not_picked":["Twin Strike","Cleave","Armaments"],"picked":"SKIP","floor":38},{"not_picked":["Iron Wave","Havoc"],"picked":"Offering","floor":39},{"not_picked":["Disarm","Wild Strike"],"picked":"Reaper","floor":40},{"not_picked":["Heavy Blade","Twin Strike","Disarm"],"picked":"SKIP","floor":42},{"not_picked":["Pommel Strike+1","Anger"],"picked":"Shrug It Off+1","floor":46},{"not_picked":["Rampage+1","Twin Strike","Blood for Blood"],"picked":"SKIP","floor":47},{"not_picked":["Thunderclap","Clash+1","Cleave"],"picked":"SKIP","floor":48},{"not_picked":["Infernal Blade","Iron Wave","Heavy Blade"],"picked":"SKIP","floor":55}],"player_experience":3475871,"relics_obtained":[{"floor":6.0,"key":"White Beast Statue"},{"floor":8.0,"key":"Mango"},{"floor":12.0,"key":"Oddly Smooth Stone"},{"floor":23,"key":"Akabeko"},{"floor":25,"key":"Omamori"},{"floor":26,"key":"Du-Vu Doll"},{"floor":27,"key":"Bottled Tornado"},{"floor":30,"key":"Nilry\u0027s Codex"},{"floor":40,"key":"StoneCalendar"},{"floor":42,"key":"Champion Belt"},{"floor":43,"key":"Smiling Mask"},{"floor":48,"key":"Orichalcum"},{"floor":55,"key":"Boot"}],"event_choices":[{"damage_healed":0.0,"max_hp_gain":0.0,"max_hp_loss":0.0,"gold_gain":0.0,"event_name":"Match and Keep!","player_choice":"1 cards matched","floor":3.0,"gold_loss":0.0,"damage_taken":0.0,"cards_obtained":["Demon Form"]},{"damage_healed":0,"gold_gain":0,"player_choice":"Upgraded","damage_taken":0,"max_hp_gain":0,"max_hp_loss":0,"event_name":"Upgrade Shrine","floor":21,"gold_loss":0,"cards_upgraded":["Fiend Fire"]},{"damage_healed":0,"gold_gain":0,"player_choice":"Obtained Book","damage_taken":21,"max_hp_gain":0,"max_hp_loss":0,"event_name":"Cursed Tome","floor":30,"gold_loss":0},{"damage_healed":0,"gold_gain":0,"cards_transformed":["Strike_R"],"player_choice":"Transformed","damage_taken":0,"max_hp_gain":0,"max_hp_loss":0,"event_name":"Transmorgrifier","floor":45,"gold_loss":0,"cards_obtained":["Anger"]}],"is_beta":true,"boss_relics":[{"not_picked":["Ectoplasm","Sozu"],"picked":"Snecko Eye"},{"not_picked":["Philosopher\u0027s Stone","Black Blood"],"picked":"Mark of Pain"}],"items_purged_floors":[54],"is_endless":false,"potions_floor_spawned":[2,6,8,10,12,14,16,18,19,23,25,27,28,29,31,33,35,36,37,38,39,40,42,46,47,48,55],"ascension_level":20}