{"gold_per_floor":[135,195,31,31,84,84,185,185,185,185,222,275,234,234],"floor_reached":14,"playtime":641,"items_purged":[],"score":196,"play_id":"2acceb2e-f577-47aa-9ec4-fd70f68b878b","local_time":"20210217220722","is_ascension_mode":true,"campfire_choices":[{"data":"HandOfGreed","floor":6.0,"key":"SMITH"},{"data":"Bash","floor":8.0,"key":"SMITH"},{"data":"True Grit","floor":10.0,"key":"SMITH"}],"neow_cost":"TEN_PERCENT_HP_LOSS","seed_source_timestamp":419485054676400,"circlet_count":0,"master_deck":["AscendersBane","Strike_R","Strike_R","Strike_R","Strike_R","Strike_R","Defend_R","Defend_R","Defend_R","Defend_R","Bash+1","HandOfGreed+1","Headbutt","True Grit+1","Corruption","Rampage","Evolve"],"special_seed":0,"relics":["Burning Blood","Orrery","Sundial","The Courier"],"potions_floor_usage":[],"damage_taken":[{"damage":4.0,"enemies":"Jaw Worm","floor":1.0,"turns":4.0},{"damage":12.0,"enemies":"Small Slimes","floor":2.0,"turns":4.0},{"damage":2.0,"enemies":"2 Louse","floor":5.0,"turns":4.0},{"damage":33.0,"enemies":"3 Sentries","floor":7.0,"turns":11.0},{"damage":17,"enemies":"Exordium Thugs","floor":11,"turns":5},{"damage":27,"enemies":"Gremlin Nob","floor":12,"turns":4},{"damage":15,"enemies":"Exordium Wildlife","floor":14,"turns":1}],"seed_played":"-5359143127214143879","potions_obtained":[{"floor":2.0,"key":"Ancient Potion"},{"floor":5.0,"key":"Block Potion"},{"floor":12,"key":"Energy Potion"}],"is_trial":false,"path_per_floor":["M","M","$","?","M","R","E","R","T","R","M","E","?","M"],"character_chosen":"IRONCLAD","items_purchased":["Orrery"],"campfire_rested":0,"item_purchase_floors":[3],"current_hp_per_floor":[68,62,62,67,71,71,44,44,44,44,33,12,12,0],"gold":234,"neow_bonus":"RANDOM_COLORLESS_2","is_prod":false,"is_daily":false,"chose_seed":false,"campfire_upgraded":3,"win_rate":0,"timestamp":1613628442,"path_taken":["M","M","$","?","M","R","E","R","T","R","M","E","?","M"],"build_version":"2020-12-18","purchased_purges":0,"victory":false,"max_hp_per_floor":[68,68,68,73,73,73,73,73,73,73,73,73,73,73],"relic_stats":{"counters":[7,33],"Sundial":[0],"obtain_stats":[{"Sundial":9,"Orrery":3,"The Courier":12,"Burning Blood":0},{"Sundial":4,"Orrery":2,"The Courier":6,"Burning Blood":0},{"Sundial":23,"Orrery":8,"The Courier":32,"Burning Blood":0}],"Burning Blood":34},"card_choices":[{"not_picked":["Thinking Ahead","Panache"],"picked":"HandOfGreed","floor":0.0},{"not_picked":["Sword Boomerang","Body Slam","Havoc"],"picked":"SKIP","floor":1.0},{"not_picked":["Feel No Pain","Heavy Blade"],"picked":"Headbutt","floor":2.0},{"not_picked":["Burning Pact","Warcry"],"picked":"True Grit","floor":3.0},{"not_picked":["Shrug It Off","Dual Wield"],"picked":"Corruption","floor":3.0},{"not_picked":["Dropkick","Iron Wave"],"picked":"Rampage","floor":5.0},{"not_picked":["Fire Breathing","Uppercut"],"picked":"Evolve","floor":7.0},{"not_picked":["True Grit","Perfected Strike","Spot Weakness"],"picked":"SKIP","floor":11},{"not_picked":["Pommel Strike","Flex","Rampage"],"picked":"SKIP","floor":12}],"player_experience":3394187,"relics_obtained":[{"floor":9.0,"key":"Sundial"},{"floor":12,"key":"The Courier"}],"event_choices":[{"damage_healed":0.0,"max_hp_gain":5.0,"max_hp_loss":0.0,"gold_gain":0.0,"event_name":"Big Fish","player_choice":"Donut","floor":4.0,"gold_loss":0.0,"damage_taken":0.0},{"damage_healed":0,"gold_gain":0,"player_choice":"Left Gold","damage_taken":0,"max_hp_gain":0,"max_hp_loss":0,"event_name":"World of Goop","floor":13,"gold_loss":41}],"is_beta":true,"boss_relics":[],"items_purged_floors":[],"is_endless":false,"potions_floor_spawned":[2,5,12],"killed_by":"Exordium Wildlife","ascension_level":20}