{"gold_per_floor":[214,234,251,251,251,251,108,133,133,133,152,10,10,40,40,118,118,128,128,178,192,210,210,236,247,247,247],"floor_reached":27,"playtime":1409,"items_purged":[],"score":482,"play_id":"70f45baa-4879-4591-a622-83ed923ca563","local_time":"20210215221505","is_ascension_mode":true,"campfire_choices":[{"data":"Bash","floor":6,"key":"SMITH"},{"data":"Hemokinesis","floor":10,"key":"SMITH"},{"data":"Fire Breathing","floor":15,"key":"SMITH"},{"floor":23,"key":"REST"}],"neow_cost":"NONE","seed_source_timestamp":246399795184500,"circlet_count":0,"master_deck":["AscendersBane","Strike_R","Strike_R+1","Strike_R","Strike_R","Defend_R","Defend_R","Defend_R+1","Defend_R","Bash+1","Power Through","Second Wind","Sword Boomerang","Fire Breathing+1","Hemokinesis+1","Immolate","Shrug It Off","Feed","True Grit","Power Through","Evolve"],"relics":["Burning Blood","Shuriken","The Courier","WingedGreaves","Philosopher\u0027s Stone","Red Skull"],"potions_floor_usage":[8,16,18,24,24],"damage_taken":[{"damage":7,"enemies":"Cultist","floor":1,"turns":4},{"damage":14,"enemies":"2 Louse","floor":2,"turns":3},{"damage":0,"enemies":"Small Slimes","floor":3,"turns":4},{"damage":10,"enemies":"3 Sentries","floor":8,"turns":5},{"damage":10,"enemies":"Blue Slaver","floor":11,"turns":4},{"damage":10,"enemies":"Gremlin Nob","floor":14,"turns":3},{"damage":17,"enemies":"Hexaghost","floor":16,"turns":8},{"damage":23,"enemies":"Spheric Guardian","floor":18,"turns":5},{"damage":21,"enemies":"2 Thieves","floor":21,"turns":4},{"damage":17,"enemies":"Chosen and Byrds","floor":22,"turns":7},{"damage":1,"enemies":"Slavers","floor":24,"turns":3},{"damage":16,"enemies":"Snake Plant","floor":25,"turns":4},{"damage":47,"enemies":"Book of Stabbing","floor":27,"turns":4}],"seed_played":"-3633903866686322565","potions_obtained":[{"floor":1,"key":"CultistPotion"},{"floor":14,"key":"LiquidBronze"},{"floor":16,"key":"SkillPotion"},{"floor":21,"key":"Swift Potion"},{"floor":22,"key":"DuplicationPotion"},{"floor":25,"key":"SteroidPotion"}],"is_trial":false,"path_per_floor":["M","M","M","?","?","R","$","E","T","R","M","$","?","E","R","B",null,"M","?","?","M","M","R","E","M","T","E"],"character_chosen":"IRONCLAD","items_purchased":["Fire Breathing","AttackPotion","Immolate"],"campfire_rested":1,"item_purchase_floors":[7,7,12],"current_hp_per_floor":[67,59,65,65,58,58,58,54,54,54,50,50,27,23,23,12,59,42,42,42,30,19,42,50,40,40,0],"gold":247,"neow_bonus":"HUNDRED_GOLD","is_prod":false,"is_daily":false,"chose_seed":false,"campfire_upgraded":3,"win_rate":0,"timestamp":1613456105,"path_taken":["M","M","M","?","?","R","$","E","T","R","M","$","?","E","R","BOSS","M","?","?","M","?","R","E","M","T","E"],"build_version":"2020-12-18","purchased_purges":0,"victory":false,"max_hp_per_floor":[75,75,75,75,75,75,75,75,75,75,75,75,75,75,75,75,75,75,75,75,78,78,78,81,81,81,81],"relic_stats":{"counters":[13,58],"Shuriken":[3],"obtain_stats":[{"Shuriken":8,"Philosopher\u0027s Stone":17,"The Courier":9,"WingedGreaves":14,"Burning Blood":0,"Red Skull":24},{"Shuriken":4,"Philosopher\u0027s Stone":7,"The Courier":4,"WingedGreaves":6,"Burning Blood":0,"Red Skull":11},{"Shuriken":16,"Philosopher\u0027s Stone":31,"The Courier":16,"WingedGreaves":23,"Burning Blood":0,"Red Skull":50}],"Burning Blood":72},"card_choices":[{"not_picked":["Dropkick","True Grit"],"picked":"Power Through","floor":1},{"not_picked":["Warcry","Flex"],"picked":"Second Wind","floor":2},{"not_picked":["Thunderclap","Cleave"],"picked":"Sword Boomerang","floor":3},{"not_picked":["Dark Embrace","Cleave"],"picked":"Hemokinesis","floor":8},{"not_picked":["Warcry","Clash","Body Slam"],"picked":"SKIP","floor":11},{"not_picked":["Entrench","Dropkick"],"picked":"Shrug It Off","floor":14},{"not_picked":["Berserk","Bludgeon"],"picked":"Feed","floor":16},{"not_picked":["Headbutt","Clash","Flex"],"picked":"SKIP","floor":18},{"not_picked":["Armaments","Pommel Strike"],"picked":"True Grit","floor":21},{"not_picked":["Shrug It Off","Heavy Blade"],"picked":"Power Through","floor":22},{"not_picked":["Reckless Charge","Sword Boomerang","Demon Form"],"picked":"SKIP","floor":24},{"not_picked":["Warcry","Battle Trance"],"picked":"Evolve","floor":25}],"player_experience":3370161,"relics_obtained":[{"floor":8,"key":"Shuriken"},{"floor":9,"key":"The Courier"},{"floor":14,"key":"WingedGreaves"},{"floor":24,"key":"Red Skull"}],"event_choices":[{"damage_healed":0,"gold_gain":0,"player_choice":"Leave","damage_taken":0,"max_hp_gain":0,"max_hp_loss":0,"event_name":"The Cleric","floor":4,"gold_loss":0},{"cards_removed":["Strike_R"],"damage_healed":0,"gold_gain":0,"player_choice":"Card Removal","damage_taken":7,"max_hp_gain":0,"max_hp_loss":0,"event_name":"Golden Wing","floor":5,"gold_loss":0},{"damage_healed":0,"gold_gain":0,"player_choice":"Entered Light","damage_taken":23,"max_hp_gain":0,"max_hp_loss":0,"event_name":"Shining Light","floor":13,"gold_loss":0,"cards_upgraded":["Strike_R","Defend_R"]},{"damage_healed":0,"gold_gain":0,"player_choice":"Ignored","damage_taken":0,"max_hp_gain":0,"max_hp_loss":0,"event_name":"The Mausoleum","floor":19,"gold_loss":0},{"damage_healed":0,"gold_gain":50,"player_choice":"Pray","damage_taken":0,"max_hp_gain":0,"max_hp_loss":0,"event_name":"Golden Shrine","floor":20,"gold_loss":0}],"is_beta":true,"boss_relics":[{"not_picked":["Busted Crown","Runic Cube"],"picked":"Philosopher\u0027s Stone"}],"items_purged_floors":[],"is_endless":false,"potions_floor_spawned":[1,14,16,21,22,25],"killed_by":"Book of Stabbing","ascension_level":20}