{"gold_per_floor":[110,126,9,9,9,9,25,56,79,106,126,126,154,170,170,243,243,262,262,22,39,51,79,79,91,91,121,21,21,21,40,40,118,118,136,183,54,1053,497,497,497],"floor_reached":41,"playtime":2753,"items_purged":["Strike_R","Pain","Writhe","Normality"],"score":919,"play_id":"b7435164-11c7-4bb0-82c4-923a36afa1f6","local_time":"20210212231636","is_ascension_mode":true,"campfire_choices":[{"data":"Bash","floor":6,"key":"SMITH"},{"data":"Rupture","floor":12,"key":"SMITH"},{"floor":15,"key":"REST"},{"data":"Immolate","floor":24,"key":"SMITH"},{"data":"Shrug It Off","floor":30,"key":"SMITH"},{"floor":32,"key":"REST"},{"floor":40,"key":"REST"}],"neow_cost":"NONE","seed_source_timestamp":163929895038400,"circlet_count":0,"master_deck":["AscendersBane","Strike_R","Strike_R","Strike_R","Defend_R+1","Defend_R+1","Defend_R","Defend_R","Bash+1","Hemokinesis","Battle Trance","Inflame","Rupture+1","Clothesline","Pommel Strike","Anger","Immolate+1","Hemokinesis","Shrug It Off+1","Twin Strike","Reaper","Pommel Strike+1","Normality"],"relics":["Burning Blood","War Paint","Ancient Tea Set","Potion Belt","Bronze Scales","Tiny Chest","Cursed Key","WarpedTongs","The Courier","Pantograph","WingedGreaves","Snecko Eye","Bird Faced Urn","Membership Card","Anchor","Champion Belt","Toolbox","CaptainsWheel","Mummified Hand"],"potions_floor_usage":[10,14,16,18,23,23,33,36,36,41],"damage_taken":[{"damage":1,"enemies":"Small Slimes","floor":1,"turns":4},{"damage":2,"enemies":"2 Louse","floor":2,"turns":2},{"damage":2,"enemies":"Cultist","floor":7,"turns":2},{"damage":41,"enemies":"3 Sentries","floor":8,"turns":9},{"damage":8,"enemies":"Lagavulin","floor":10,"turns":7},{"damage":1,"enemies":"Red Slaver","floor":11,"turns":4},{"damage":24,"enemies":"3 Sentries","floor":13,"turns":6},{"damage":8,"enemies":"3 Louse","floor":14,"turns":3},{"damage":45,"enemies":"The Guardian","floor":16,"turns":13},{"damage":4,"enemies":"3 Byrds","floor":18,"turns":2},{"damage":15,"enemies":"2 Thieves","floor":21,"turns":3},{"damage":18,"enemies":"Snake Plant","floor":22,"turns":3},{"damage":11,"enemies":"Book of Stabbing","floor":23,"turns":3},{"damage":8,"enemies":"Cultist and Chosen","floor":25,"turns":3},{"damage":21,"enemies":"Gremlin Leader","floor":27,"turns":4},{"damage":10,"enemies":"Snecko","floor":31,"turns":3},{"damage":52,"enemies":"Champ","floor":33,"turns":12},{"damage":19,"enemies":"3 Shapes","floor":35,"turns":10},{"damage":30,"enemies":"2 Orb Walkers","floor":36,"turns":3},{"damage":76,"enemies":"Nemesis","floor":41,"turns":9}],"seed_played":"3806239022476779952","potions_obtained":[{"floor":1,"key":"LiquidBronze"},{"floor":2,"key":"Weak Potion"},{"floor":8,"key":"BloodPotion"},{"floor":11,"key":"ColorlessPotion"},{"floor":14,"key":"Swift Potion"},{"floor":21,"key":"AttackPotion"},{"floor":22,"key":"BlessingOfTheForge"},{"floor":27,"key":"LiquidBronze"},{"floor":35,"key":"Fire Potion"}],"is_trial":false,"path_per_floor":["M","M","$","?","?","R","M","E","T","E","M","R","E","M","R","B",null,"M","?","$","M","M","E","R","M","T","E","$","T","R","M","R","B",null,"M","?","$","?","$","R","E"],"character_chosen":"IRONCLAD","items_purchased":["Battle Trance","Shrug It Off","FearPotion","Dexterity Potion","Membership Card","Anchor","Champion Belt","Toolbox","CaptainsWheel","Mummified Hand"],"campfire_rested":3,"item_purchase_floors":[3,20,20,20,37,39,39,39,39,39],"current_hp_per_floor":[73,75,75,68,68,68,72,37,37,35,40,40,22,20,42,18,61,63,63,63,54,42,37,37,35,35,20,20,20,20,16,38,17,61,58,40,40,40,40,62,0],"gold":497,"neow_bonus":"RANDOM_COMMON_RELIC","is_prod":false,"is_daily":false,"chose_seed":false,"campfire_upgraded":4,"win_rate":0,"timestamp":1613200596,"path_taken":["M","M","$","?","?","R","M","E","T","E","M","R","E","M","R","BOSS","M","?","$","M","M","E","R","?","T","E","?","?","R","?","R","BOSS","M","?","$","?","$","R","E"],"build_version":"2020-12-18","purchased_purges":4,"victory":false,"max_hp_per_floor":[75,75,75,75,75,75,75,75,75,75,75,75,75,75,75,75,75,75,75,75,75,75,75,75,75,75,75,75,75,75,75,75,75,75,75,75,75,75,75,75,75],"relic_stats":{"counters":[20,105],"War Paint":["Defend_R","Defend_R"],"Cursed Key":1,"Burning Blood":112,"WarpedTongs":[53],"Mummified Hand":[4],"Bronze Scales":[260],"Pantograph":25,"Bird Faced Urn":[4],"Snecko Eye":[39,35,51,36],"Tiny Chest":1,"Champion Belt":[4],"obtain_stats":[{"Potion Belt":9,"The Courier":23,"War Paint":0,"Ancient Tea Set":8,"Cursed Key":17,"Burning Blood":0,"WarpedTongs":19,"Anchor":39,"CaptainsWheel":39,"Mummified Hand":39,"Bronze Scales":10,"Pantograph":26,"Bird Faced Urn":36,"Snecko Eye":34,"Toolbox":39,"Tiny Chest":13,"WingedGreaves":27,"Membership Card":37,"Champion Belt":39},{"Potion Belt":4,"The Courier":13,"War Paint":0,"Ancient Tea Set":4,"Cursed Key":9,"Burning Blood":0,"WarpedTongs":10,"Anchor":19,"CaptainsWheel":19,"Mummified Hand":19,"Bronze Scales":5,"Pantograph":14,"Bird Faced Urn":19,"Snecko Eye":17,"Toolbox":19,"Tiny Chest":7,"WingedGreaves":15,"Membership Card":19,"Champion Belt":19},{"Potion Belt":17,"The Courier":61,"War Paint":0,"Ancient Tea Set":17,"Cursed Key":50,"Burning Blood":0,"WarpedTongs":52,"Anchor":96,"CaptainsWheel":96,"Mummified Hand":96,"Bronze Scales":24,"Pantograph":64,"Bird Faced Urn":96,"Snecko Eye":83,"Toolbox":96,"Tiny Chest":34,"WingedGreaves":68,"Membership Card":96,"Champion Belt":96}]},"card_choices":[{"not_picked":["Disarm","Cleave"],"picked":"Hemokinesis","floor":1},{"not_picked":["True Grit","Bloodletting","Heavy Blade"],"picked":"SKIP","floor":2},{"not_picked":["Heavy Blade","Berserk"],"picked":"Inflame","floor":7},{"not_picked":["Flex","Armaments"],"picked":"Rupture","floor":8},{"not_picked":["Metallicize","Pummel"],"picked":"Clothesline","floor":10},{"not_picked":["Perfected Strike","Heavy Blade"],"picked":"Pommel Strike","floor":11},{"not_picked":["Pommel Strike","Iron Wave","Warcry"],"picked":"SKIP","floor":13},{"not_picked":["Pommel Strike","Cleave"],"picked":"Anger","floor":14},{"not_picked":["Exhume","Juggernaut"],"picked":"Immolate","floor":16},{"not_picked":["Body Slam","Shrug It Off"],"picked":"Hemokinesis","floor":18},{"not_picked":["Sever Soul","Rampage","Dual Wield"],"picked":"SKIP","floor":21},{"not_picked":["Iron Wave","Sever Soul","Cleave"],"picked":"SKIP","floor":22},{"not_picked":["Perfected Strike","Double Tap","Thunderclap"],"picked":"SKIP","floor":23},{"not_picked":["Flex","Anger"],"picked":"Twin Strike","floor":25},{"not_picked":["Clash","Flex","Cleave"],"picked":"SKIP","floor":27},{"not_picked":["Body Slam","Entrench","Hemokinesis"],"picked":"SKIP","floor":31},{"not_picked":["Berserk","Juggernaut"],"picked":"Reaper","floor":33},{"not_picked":["Pommel Strike","Havoc","Rampage"],"picked":"SKIP","floor":35},{"not_picked":["Sever Soul+1","Combust"],"picked":"Pommel Strike+1","floor":36}],"player_experience":3309492,"relics_obtained":[{"floor":8,"key":"Ancient Tea Set"},{"floor":9,"key":"Potion Belt"},{"floor":10,"key":"Bronze Scales"},{"floor":13,"key":"Tiny Chest"},{"floor":23,"key":"The Courier"},{"floor":26,"key":"Pantograph"},{"floor":27,"key":"WingedGreaves"},{"floor":36,"key":"Bird Faced Urn"}],"event_choices":[{"cards_removed":["Strike_R"],"damage_healed":0,"gold_gain":0,"player_choice":"Card Removal","damage_taken":7,"max_hp_gain":0,"max_hp_loss":0,"event_name":"Golden Wing","floor":4,"gold_loss":0},{"damage_healed":0,"gold_gain":0,"player_choice":"Ignored","damage_taken":0,"max_hp_gain":0,"max_hp_loss":0,"event_name":"Liars Game","floor":5,"gold_loss":0},{"damage_healed":0,"gold_gain":0,"player_choice":"Rummage","damage_taken":0,"relics_obtained":["WarpedTongs"],"max_hp_gain":0,"max_hp_loss":0,"event_name":"Accursed Blacksmith","floor":19,"gold_loss":0,"cards_obtained":["Pain"]},{"damage_healed":0,"gold_gain":0,"player_choice":"Fight","damage_taken":0,"max_hp_gain":0,"max_hp_loss":0,"event_name":"Mysterious Sphere","floor":36,"gold_loss":0},{"damage_healed":0,"gold_gain":999,"player_choice":"Gold","damage_taken":0,"max_hp_gain":0,"max_hp_loss":0,"event_name":"MindBloom","floor":38,"gold_loss":0,"cards_obtained":["Normality","Normality"]}],"is_beta":true,"boss_relics":[{"not_picked":["Calling Bell","Tiny House"],"picked":"Cursed Key"},{"not_picked":["Philosopher\u0027s Stone","Black Star"],"picked":"Snecko Eye"}],"items_purged_floors":[3,20,28,39],"is_endless":false,"potions_floor_spawned":[1,2,8,11,14,21,22,27,35],"killed_by":"Nemesis","ascension_level":20}