{"gold_per_floor":[113,130,147,147,222,222,238,238,238,257,269,269,109,140,140,219,219,236,14,27,43,43,70,70,98,125,47,47,47,65,94,94,94],"floor_reached":33,"playtime":2566,"items_purged":["Strike_R"],"score":610,"play_id":"3a4aea9b-293b-4f56-baf8-a00726b54572","local_time":"20210227195947","is_ascension_mode":true,"campfire_choices":[{"data":"Shrug It Off","floor":6.0,"key":"SMITH"},{"data":"Rampage","floor":8.0,"key":"SMITH"},{"floor":12.0,"key":"REST"},{"data":"Blood for Blood","floor":15.0,"key":"SMITH"},{"data":"Shrug It Off","floor":24,"key":"SMITH"},{"floor":28,"key":"REST"},{"data":"Immolate","floor":32,"key":"SMITH"}],"neow_cost":"PERCENT_DAMAGE","seed_source_timestamp":1273910172575400,"circlet_count":0,"master_deck":["AscendersBane","Strike_R","Strike_R","Strike_R","Strike_R","Defend_R","Defend_R","Defend_R","Defend_R","Bash+1","Metallicize","Shrug It Off+1","Rampage+1","Uppercut","Blood for Blood+1","Feed","Shrug It Off+1","Uppercut+1","Immolate+1","Dark Embrace","Shrug It Off"],"special_seed":0,"relics":["Burning Blood","Pocketwatch","StoneCalendar","Champion Belt","Snecko Eye","PreservedInsect","GremlinMask","Kunai","Regal Pillow","Vajra","WingedGreaves"],"potions_floor_usage":[25,31,33,33],"damage_taken":[{"damage":15.0,"enemies":"Small Slimes","floor":1.0,"turns":7.0},{"damage":2.0,"enemies":"2 Louse","floor":2.0,"turns":3.0},{"damage":2.0,"enemies":"Jaw Worm","floor":3.0,"turns":5.0},{"damage":1.0,"enemies":"2 Fungi Beasts","floor":7.0,"turns":6.0},{"damage":16.0,"enemies":"Exordium Thugs","floor":10.0,"turns":4.0},{"damage":2.0,"enemies":"Gremlin Gang","floor":11.0,"turns":4.0},{"damage":15.0,"enemies":"3 Sentries","floor":14.0,"turns":7.0},{"damage":13.0,"enemies":"Hexaghost","floor":16.0,"turns":7.0},{"damage":17.0,"enemies":"2 Thieves","floor":18.0,"turns":4.0},{"damage":4,"enemies":"Chosen","floor":20,"turns":3},{"damage":6,"enemies":"Centurion and Healer","floor":21,"turns":6},{"damage":11,"enemies":"Gremlin Leader","floor":23,"turns":3},{"damage":50,"enemies":"Slavers","floor":25,"turns":6},{"damage":11,"enemies":"Sentry and Sphere","floor":30,"turns":4},{"damage":12,"enemies":"Book of Stabbing","floor":31,"turns":4},{"damage":66,"enemies":"Collector","floor":33,"turns":9}],"seed_played":"256581295637528117","potions_obtained":[{"floor":1.0,"key":"FairyPotion"},{"floor":7.0,"key":"EntropicBrew"},{"floor":10.0,"key":"Strength Potion"},{"floor":11.0,"key":"SteroidPotion"},{"floor":23,"key":"PowerPotion"},{"floor":25,"key":"CultistPotion"},{"floor":31,"key":"Dexterity Potion"}],"is_trial":false,"path_per_floor":["M","M","M","?","?","R","M","R","T","M","M","R","$","E","R","B",null,"M","$","M","M","?","E","R","E","T","$","R","$","M","E","R","B"],"character_chosen":"IRONCLAD","items_purchased":["Uppercut","PreservedInsect","Swift Potion","Immolate"],"campfire_rested":2,"item_purchase_floors":[13,19,19,27],"current_hp_per_floor":[41,45,49,49,38,38,43,43,43,33,37,59,59,50,50,43,67,56,56,61,64,64,62,62,21,21,21,62,62,60,57,57,0],"gold":94,"neow_bonus":"ONE_RARE_RELIC","is_prod":false,"is_daily":false,"chose_seed":false,"campfire_upgraded":5,"win_rate":0,"timestamp":1614484787,"path_taken":["M","M","M","?","?","R","M","R","T","M","?","R","$","E","R","BOSS","M","$","M","M","?","E","R","E","T","?","R","$","M","E","R","BOSS"],"build_version":"2020-12-18","purchased_purges":1,"victory":false,"max_hp_per_floor":[75,75,75,75,75,75,75,75,75,75,75,75,75,75,75,75,75,75,75,78,81,81,84,84,87,87,87,87,87,90,93,93,93],"relic_stats":{"Regal Pillow":15,"counters":[16,82],"Snecko Eye":[71,80,90,84],"StoneCalendar":[83],"PreservedInsect":132,"Champion Belt":[33],"Kunai":[6],"obtain_stats":[{"Regal Pillow":25,"Snecko Eye":17,"Vajra":26,"StoneCalendar":9,"GremlinMask":22,"PreservedInsect":19,"WingedGreaves":31,"Champion Belt":14,"Kunai":23,"Burning Blood":0,"Pocketwatch":0},{"Regal Pillow":13,"Snecko Eye":8,"Vajra":13,"StoneCalendar":4,"GremlinMask":11,"PreservedInsect":9,"WingedGreaves":15,"Champion Belt":7,"Kunai":12,"Burning Blood":0,"Pocketwatch":0},{"Regal Pillow":65,"Snecko Eye":43,"Vajra":65,"StoneCalendar":21,"GremlinMask":56,"PreservedInsect":47,"WingedGreaves":73,"Champion Belt":36,"Kunai":59,"Burning Blood":0,"Pocketwatch":0}],"Burning Blood":90,"Pocketwatch":[167]},"card_choices":[{"not_picked":["Clash","Thunderclap"],"picked":"Metallicize","floor":1.0},{"not_picked":["Clothesline","Wild Strike","Anger"],"picked":"SKIP","floor":2.0},{"not_picked":["Heavy Blade","Wild Strike"],"picked":"Shrug It Off","floor":3.0},{"not_picked":["Body Slam","True Grit"],"picked":"Rampage","floor":7.0},{"not_picked":["True Grit","Cleave","Twin Strike"],"picked":"SKIP","floor":10.0},{"not_picked":["Searing Blow","Metallicize","Anger"],"picked":"SKIP","floor":11.0},{"not_picked":["Bloodletting","Battle Trance"],"picked":"Blood for Blood","floor":14.0},{"not_picked":["Corruption","Juggernaut"],"picked":"Feed","floor":16.0},{"not_picked":["Second Wind","Heavy Blade","Wild Strike"],"picked":"SKIP","floor":18.0},{"not_picked":["Havoc","Intimidate"],"picked":"Shrug It Off","floor":20},{"not_picked":["Warcry","Sword Boomerang"],"picked":"Uppercut+1","floor":21},{"not_picked":["Berserk","Evolve","True Grit"],"picked":"SKIP","floor":23},{"not_picked":["Dual Wield","Burning Pact","Rampage"],"picked":"SKIP","floor":25},{"not_picked":["Sword Boomerang","Ghostly Armor"],"picked":"Dark Embrace","floor":30},{"not_picked":["Pummel+1","Blood for Blood"],"picked":"Shrug It Off","floor":31}],"player_experience":3522605,"relics_obtained":[{"floor":9.0,"key":"StoneCalendar"},{"floor":14.0,"key":"Champion Belt"},{"floor":23,"key":"Kunai"},{"floor":25,"key":"Regal Pillow"},{"floor":26,"key":"Vajra"},{"floor":31,"key":"WingedGreaves"}],"event_choices":[{"damage_healed":0.0,"max_hp_gain":0.0,"max_hp_loss":0.0,"gold_gain":0.0,"event_name":"Living Wall","player_choice":"Grow","floor":4.0,"gold_loss":0.0,"damage_taken":0.0,"cards_upgraded":["Bash"]},{"damage_healed":0.0,"max_hp_gain":0.0,"max_hp_loss":0.0,"gold_gain":75.0,"event_name":"World of Goop","player_choice":"Gather Gold","floor":5.0,"gold_loss":0.0,"damage_taken":11.0},{"damage_healed":0,"gold_gain":0,"player_choice":"Trade","damage_taken":0,"relics_obtained":["GremlinMask"],"max_hp_gain":0,"max_hp_loss":0,"event_name":"FaceTrader","floor":22,"gold_loss":0}],"is_beta":true,"boss_relics":[{"not_picked":["Tiny House","Coffee Dripper"],"picked":"Snecko Eye"}],"items_purged_floors":[13],"is_endless":false,"potions_floor_spawned":[1,7,10,11,21,23,25,30,31],"killed_by":"Collector","ascension_level":20}