{"gold_per_floor":[112,128,146,146,196,196,221,221,221,221,239,266,284,315,315,393,393,411,424,26,26,44,44,71,71,71,71,88,98,98,117,117,117],"floor_reached":33,"playtime":2138,"items_purged":["Strike_R"],"score":599,"play_id":"858affd7-7d7b-401a-936c-f9daea390535","local_time":"20210224202918","is_ascension_mode":true,"campfire_choices":[{"data":"Inflame","floor":6.0,"key":"SMITH"},{"data":"Twin Strike","floor":8.0,"key":"SMITH"},{"floor":10.0,"key":"REST"},{"data":"1","floor":15.0,"key":"LIFT"},{"data":"2","floor":23,"key":"LIFT"},{"floor":25,"key":"REST"},{"data":"3","floor":32,"key":"LIFT"}],"neow_cost":"NONE","seed_source_timestamp":0,"circlet_count":0,"master_deck":["AscendersBane","Defend_R","Defend_R","Defend_R","Defend_R","Bash+1","Inflame+1","Twin Strike+1","Armaments+1","Shrug It Off","Pommel Strike","Limit Break","Feed","Inflame","Seeing Red","Thunderclap+1","Flame Barrier+1","Heavy Blade","Bite","Bite","Bite","Bite","Bite","Sword Boomerang+1"],"special_seed":0,"relics":["Burning Blood","Bottled Lightning","InkBottle","Art of War","Girya","Runic Pyramid","ClockworkSouvenir","Lantern","Nunchaku","Matryoshka"],"potions_floor_usage":[19,33],"damage_taken":[{"damage":6.0,"enemies":"2 Louse","floor":1.0,"turns":4.0},{"damage":1.0,"enemies":"Cultist","floor":2.0,"turns":3.0},{"damage":7.0,"enemies":"Small Slimes","floor":3.0,"turns":4.0},{"damage":19.0,"enemies":"Lagavulin","floor":7.0,"turns":7.0},{"damage":5.0,"enemies":"3 Louse","floor":11.0,"turns":3.0},{"damage":31.0,"enemies":"Gremlin Nob","floor":12.0,"turns":4.0},{"damage":8.0,"enemies":"Blue Slaver","floor":13.0,"turns":4.0},{"damage":27.0,"enemies":"3 Sentries","floor":14.0,"turns":7.0},{"damage":6.0,"enemies":"Hexaghost","floor":16.0,"turns":7.0},{"damage":20,"enemies":"2 Thieves","floor":18,"turns":3},{"damage":16,"enemies":"3 Byrds","floor":19,"turns":6},{"damage":17,"enemies":"Snake Plant","floor":22,"turns":4},{"damage":25,"enemies":"Gremlin Leader","floor":24,"turns":5},{"damage":22,"enemies":"Chosen and Byrds","floor":28,"turns":6},{"damage":0,"enemies":"3 Cultists","floor":29,"turns":4},{"damage":12,"enemies":"Snecko","floor":31,"turns":6},{"damage":62,"enemies":"Collector","floor":33,"turns":6}],"seed_played":"6567360757226458804","potions_obtained":[{"floor":2.0,"key":"AttackPotion"},{"floor":7.0,"key":"DuplicationPotion"},{"floor":12.0,"key":"SmokeBomb"},{"floor":14.0,"key":"Strength Potion"},{"floor":18,"key":"Fire Potion"},{"floor":24,"key":"SpeedPotion"},{"floor":31,"key":"Ancient Potion"}],"is_trial":false,"path_per_floor":["M","M","M","?","?","R","E","R","T","R","M","E","M","E","R","B",null,"M","M","$","?","M","R","E","R","T","$","M","M","?","M","R","B"],"character_chosen":"IRONCLAD","items_purchased":["ClockworkSouvenir","Lantern"],"campfire_rested":2,"item_purchase_floors":[20,20],"current_hp_per_floor":[68,73,72,49,49,49,36,36,36,58,59,34,32,11,11,11,59,48,42,42,42,35,35,20,47,47,47,35,44,44,46,46,0],"gold":117,"neow_bonus":"UPGRADE_CARD","is_prod":false,"is_daily":false,"chose_seed":false,"campfire_upgraded":2,"win_rate":0,"timestamp":1614227358,"path_taken":["M","M","M","?","?","R","E","R","T","R","M","E","?","E","R","BOSS","M","M","$","?","M","R","E","R","T","$","M","M","?","M","R","BOSS"],"build_version":"2020-12-18","purchased_purges":1,"victory":false,"max_hp_per_floor":[75,75,75,75,75,75,75,75,75,75,75,75,75,75,75,75,75,78,82,82,82,86,86,90,90,90,90,94,97,67,70,70,70],"relic_stats":{"Nunchaku":[3],"counters":[17,83],"Art of War":[13],"obtain_stats":[{"Girya":14,"Lantern":20,"Nunchaku":24,"Matryoshka":26,"Art of War":12,"Bottled Lightning":7,"Burning Blood":0,"InkBottle":9,"Runic Pyramid":17,"ClockworkSouvenir":20},{"Girya":8,"Lantern":11,"Nunchaku":13,"Matryoshka":13,"Art of War":6,"Bottled Lightning":4,"Burning Blood":0,"InkBottle":4,"Runic Pyramid":9,"ClockworkSouvenir":11},{"Girya":36,"Lantern":52,"Nunchaku":61,"Matryoshka":61,"Art of War":25,"Bottled Lightning":18,"Burning Blood":0,"InkBottle":18,"Runic Pyramid":43,"ClockworkSouvenir":52}],"Burning Blood":96,"InkBottle":[19]},"card_choices":[{"not_picked":["Anger","Clothesline"],"picked":"Inflame","floor":1.0},{"not_picked":["Reckless Charge","Headbutt"],"picked":"Twin Strike","floor":2.0},{"not_picked":["Iron Wave","Seeing Red"],"picked":"Armaments","floor":3.0},{"not_picked":["Cleave","Wild Strike","True Grit"],"picked":"SKIP","floor":7.0},{"not_picked":["Dark Embrace","Combust"],"picked":"Shrug It Off","floor":11.0},{"not_picked":["Thunderclap","True Grit"],"picked":"Pommel Strike","floor":12.0},{"not_picked":["Inflame","Flex"],"picked":"Limit Break","floor":13.0},{"not_picked":["Second Wind","Headbutt","Iron Wave"],"picked":"SKIP","floor":14.0},{"not_picked":["Juggernaut","Berserk"],"picked":"Feed","floor":16.0},{"not_picked":["Sever Soul","Cleave"],"picked":"Inflame","floor":18},{"not_picked":["Pommel Strike","Searing Blow"],"picked":"Seeing Red","floor":19},{"not_picked":["Body Slam","Heavy Blade","Pommel Strike"],"picked":"SKIP","floor":22},{"not_picked":["Metallicize","Bloodletting"],"picked":"Thunderclap+1","floor":24},{"not_picked":["Shrug It Off","Bloodletting"],"picked":"Flame Barrier+1","floor":28},{"not_picked":["Body Slam","Dark Embrace"],"picked":"Heavy Blade","floor":29},{"not_picked":["Disarm","Carnage"],"picked":"Sword Boomerang+1","floor":31}],"player_experience":3491780,"relics_obtained":[{"floor":7.0,"key":"Bottled Lightning"},{"floor":9.0,"key":"InkBottle"},{"floor":12.0,"key":"Art of War"},{"floor":14.0,"key":"Girya"},{"floor":24,"key":"Nunchaku"},{"floor":26,"key":"Matryoshka"}],"event_choices":[{"damage_healed":0.0,"max_hp_gain":0.0,"max_hp_loss":0.0,"gold_gain":0.0,"event_name":"Shining Light","player_choice":"Entered Light","floor":4.0,"gold_loss":0.0,"damage_taken":23.0,"cards_upgraded":["Strike_R","Armaments"]},{"damage_healed":0.0,"max_hp_gain":0.0,"max_hp_loss":0.0,"gold_gain":50.0,"event_name":"Golden Shrine","player_choice":"Pray","floor":5.0,"gold_loss":0.0,"damage_taken":0.0},{"damage_healed":0,"gold_gain":0,"player_choice":"Ignored","damage_taken":0,"max_hp_gain":0,"max_hp_loss":0,"event_name":"The Mausoleum","floor":21,"gold_loss":0},{"damage_healed":0,"gold_gain":0,"player_choice":"Became a vampire","damage_taken":0,"max_hp_gain":0,"max_hp_loss":30,"event_name":"Vampires","floor":30,"gold_loss":0,"cards_obtained":["Bite","Bite","Bite","Bite","Bite"]}],"is_beta":true,"boss_relics":[{"not_picked":["Runic Dome","Empty Cage"],"picked":"Runic Pyramid"}],"items_purged_floors":[20],"is_endless":false,"potions_floor_spawned":[2,7,12,14,18,24,28,31],"killed_by":"Collector","ascension_level":20}