{"gold_per_floor":[12,12,26,101,112,112,28,28,28,58,77,77,88,113,113,189,189,201,230,67,86,105,105,139,139,219,247,247,162,172,172,172,243,243,255,46,57,82,102,102,113,113,113,126,141,170,184,204,204,204,204],"floor_reached":51,"playtime":4266,"items_purged":["Pain"],"score":1408,"play_id":"403d6493-6d69-471b-a79c-87ed2eff6ac0","local_time":"20210228221658","is_ascension_mode":true,"campfire_choices":[{"data":"Bash","floor":6,"key":"SMITH"},{"data":"True Grit","floor":8,"key":"SMITH"},{"floor":12,"key":"REST"},{"data":"Spot Weakness","floor":15,"key":"SMITH"},{"floor":23,"key":"REST"},{"data":"Blind","floor":28,"key":"SMITH"},{"floor":32,"key":"RECALL"},{"data":"Inflame","floor":40,"key":"SMITH"},{"data":"Corruption","floor":42,"key":"SMITH"},{"data":"Pommel Strike","floor":49,"key":"SMITH"}],"neow_cost":"NO_GOLD","seed_source_timestamp":1366858792373400,"circlet_count":0,"master_deck":["AscendersBane","Strike_R+1","Strike_R+1","Strike_R+1","Strike_R+1","Defend_R+1","Defend_R+1","Defend_R+1","Defend_R+1","Bash+1","Impervious","Pommel Strike","Pommel Strike+1","True Grit+1","Ghostly Armor","Shrug It Off","Anger","Spot Weakness+1","Blind+1","Battle Trance","Reaper","Shame","Dark Embrace+1","Corruption+1","Rage+1","Inflame+1","Shrug It Off","Rage+1","Normality","Warcry+1"],"relics":["Burning Blood","Centennial Puzzle","Singing Bowl","Shuriken","Strawberry","Cursed Key","Red Mask","Magic Flower","Meat on the Bone","Mango","Oddly Smooth Stone","WarpedTongs","Busted Crown","Lizard Tail","Charon\u0027s Ashes"],"potions_floor_usage":[10,18,21,21,21,22,22,33,33,45,46,46,50],"damage_taken":[{"damage":1,"enemies":"2 Louse","floor":1,"turns":3},{"damage":7,"enemies":"Jaw Worm","floor":3,"turns":3},{"damage":1,"enemies":"Small Slimes","floor":5,"turns":3},{"damage":24,"enemies":"Lagavulin","floor":10,"turns":8},{"damage":24,"enemies":"Exordium Thugs","floor":11,"turns":4},{"damage":4,"enemies":"2 Fungi Beasts","floor":13,"turns":4},{"damage":8,"enemies":"Gremlin Nob","floor":14,"turns":4},{"damage":52,"enemies":"Hexaghost","floor":16,"turns":9},{"damage":18,"enemies":"2 Thieves","floor":18,"turns":3},{"damage":54,"enemies":"Masked Bandits","floor":19,"turns":4},{"damage":8,"enemies":"3 Byrds","floor":21,"turns":6},{"damage":6,"enemies":"Shelled Parasite and Fungi","floor":22,"turns":6},{"damage":24,"enemies":"Gremlin Leader","floor":24,"turns":7},{"damage":34,"enemies":"Book of Stabbing","floor":27,"turns":6},{"damage":15,"enemies":"Snecko","floor":30,"turns":6},{"damage":73,"enemies":"Collector","floor":33,"turns":11},{"damage":26,"enemies":"3 Shapes","floor":35,"turns":6},{"damage":1,"enemies":"Orb Walker","floor":37,"turns":4},{"damage":19,"enemies":"Mind Bloom Boss Battle","floor":38,"turns":6},{"damage":15,"enemies":"3 Darklings","floor":39,"turns":4},{"damage":9,"enemies":"4 Shapes","floor":41,"turns":5},{"damage":27,"enemies":"Spire Growth","floor":44,"turns":6},{"damage":23,"enemies":"Maw","floor":45,"turns":7},{"damage":135,"enemies":"Reptomancer","floor":46,"turns":13},{"damage":15,"enemies":"Sphere and 2 Shapes","floor":47,"turns":6},{"damage":23,"enemies":"Spire Growth","floor":48,"turns":5},{"damage":130,"enemies":"Time Eater","floor":50,"turns":14},{"damage":86,"enemies":"Awakened One","floor":51,"turns":15}],"seed_played":"6065168750119462937","potions_obtained":[{"floor":5,"key":"Energy Potion"},{"floor":11,"key":"SmokeBomb"},{"floor":16,"key":"PowerPotion"},{"floor":19,"key":"EntropicBrew"},{"floor":21,"key":"LiquidMemories"},{"floor":27,"key":"Swift Potion"},{"floor":30,"key":"Explosive Potion"},{"floor":39,"key":"Energy Potion"},{"floor":41,"key":"AttackPotion"},{"floor":45,"key":"Swift Potion"},{"floor":48,"key":"DuplicationPotion"}],"is_trial":false,"path_per_floor":["M","?","M","?","M","R","?","R","T","E","M","R","M","E","R","B",null,"M","?","$","M","M","R","E","?","T","E","R","?","M","?","R","B",null,"M","$","M","?","M","R","M","R","T","M","M","E","M","M","R","B","B"],"character_chosen":"IRONCLAD","items_purchased":["Blind","Block Potion","Inflame","Shrug It Off"],"campfire_rested":2,"item_purchase_floors":[20,20,36,36],"current_hp_per_floor":[73,73,72,61,66,66,66,66,66,50,32,55,57,62,62,18,69,59,13,13,31,31,58,40,40,40,61,61,61,70,70,70,77,100,103,103,110,110,112,112,114,114,114,98,109,98,94,109,109,42,0],"gold":204,"neow_bonus":"THREE_RARE_CARDS","is_prod":false,"is_daily":false,"chose_seed":false,"campfire_upgraded":7,"win_rate":0,"timestamp":1614579418,"path_taken":["M","?","M","?","M","R","?","R","T","E","?","R","M","E","R","BOSS","M","?","$","M","M","R","E","?","T","E","R","?","M","?","R","BOSS","M","$","?","?","M","R","M","R","T","M","M","E","M","M","R","BOSS","BOSS"],"build_version":"2020-12-18","purchased_purges":1,"victory":false,"max_hp_per_floor":[75,75,75,75,75,75,75,75,75,77,77,77,77,84,84,86,86,88,90,90,92,92,92,92,92,92,108,108,108,108,108,108,108,108,108,108,110,110,112,112,114,114,114,116,118,118,120,122,122,122,122],"relic_stats":{"Singing Bowl":26,"counters":[28,178],"Magic Flower":[171],"Charon\u0027s Ashes":[140],"Cursed Key":2,"Burning Blood":177,"WarpedTongs":[74],"Centennial Puzzle":[75],"Lizard Tail":89,"Busted Crown":20,"Shuriken":[50],"obtain_stats":[{"Singing Bowl":9,"Magic Flower":24,"Oddly Smooth Stone":29,"Mango":27,"Charon\u0027s Ashes":46,"Cursed Key":17,"Burning Blood":0,"WarpedTongs":31,"Centennial Puzzle":7,"Lizard Tail":38,"Busted Crown":34,"Shuriken":10,"Strawberry":14,"Red Mask":19,"Meat on the Bone":26},{"Singing Bowl":3,"Magic Flower":13,"Oddly Smooth Stone":14,"Mango":14,"Charon\u0027s Ashes":24,"Cursed Key":8,"Burning Blood":0,"WarpedTongs":15,"Centennial Puzzle":3,"Lizard Tail":19,"Busted Crown":16,"Shuriken":4,"Strawberry":7,"Red Mask":10,"Meat on the Bone":13},{"Singing Bowl":9,"Magic Flower":64,"Oddly Smooth Stone":70,"Mango":70,"Charon\u0027s Ashes":138,"Cursed Key":38,"Burning Blood":0,"WarpedTongs":76,"Centennial Puzzle":9,"Lizard Tail":103,"Busted Crown":87,"Shuriken":17,"Strawberry":29,"Red Mask":45,"Meat on the Bone":64}],"Meat on the Bone":54},"card_choices":[{"not_picked":["Berserk","Double Tap"],"picked":"Impervious","floor":0},{"not_picked":["Armaments","Heavy Blade"],"picked":"Pommel Strike","floor":1},{"not_picked":["Headbutt","Clothesline"],"picked":"True Grit","floor":3},{"not_picked":["Wild Strike","Heavy Blade"],"picked":"Ghostly Armor","floor":5},{"not_picked":["Heavy Blade","Exhume","Infernal Blade"],"picked":"Singing Bowl","floor":10},{"not_picked":["Shockwave","Warcry"],"picked":"Shrug It Off","floor":11},{"not_picked":["Pommel Strike","Power Through"],"picked":"Anger","floor":13},{"not_picked":["Pommel Strike","Sentinel"],"picked":"Spot Weakness","floor":14},{"not_picked":["Exhume","Demon Form","Double Tap"],"picked":"Singing Bowl","floor":16},{"not_picked":["Searing Blow+1","Warcry","Iron Wave"],"picked":"Singing Bowl","floor":18},{"not_picked":["Clash","Perfected Strike","Warcry"],"picked":"Singing Bowl","floor":19},{"not_picked":["Heavy Blade","Wild Strike","Anger"],"picked":"Singing Bowl","floor":21},{"not_picked":["Flex","Shrug It Off"],"picked":"Battle Trance","floor":22},{"not_picked":["Clash","Heavy Blade"],"picked":"Reaper","floor":24},{"not_picked":["Body Slam","Headbutt","Heavy Blade"],"picked":"Singing Bowl","floor":27},{"not_picked":["Ghostly Armor","Reckless Charge"],"picked":"Dark Embrace+1","floor":30},{"not_picked":["Bludgeon","Impervious"],"picked":"Corruption","floor":33},{"not_picked":[],"picked":"Rage+1","floor":35},{"not_picked":["Havoc"],"picked":"Singing Bowl","floor":37},{"not_picked":[],"picked":"Rage+1","floor":38},{"not_picked":["Clothesline"],"picked":"Singing Bowl","floor":39},{"not_picked":["Intimidate"],"picked":"Singing Bowl","floor":41},{"not_picked":["Inflame"],"picked":"Singing Bowl","floor":44},{"not_picked":["Metallicize"],"picked":"Singing Bowl","floor":45},{"not_picked":[],"picked":"Warcry+1","floor":46},{"not_picked":["Twin Strike"],"picked":"Singing Bowl","floor":47},{"not_picked":["Twin Strike"],"picked":"Singing Bowl","floor":48}],"player_experience":3556870,"relics_obtained":[{"floor":9,"key":"Singing Bowl"},{"floor":10,"key":"Shuriken"},{"floor":14,"key":"Strawberry"},{"floor":19,"key":"Red Mask"},{"floor":24,"key":"Magic Flower"},{"floor":26,"key":"Meat on the Bone"},{"floor":27,"key":"Mango"},{"floor":38,"key":"Lizard Tail"},{"floor":46,"key":"Charon\u0027s Ashes"}],"event_choices":[{"damage_healed":0,"gold_gain":0,"cards_transformed":["Strike_R"],"player_choice":"Change","damage_taken":0,"max_hp_gain":0,"max_hp_loss":0,"event_name":"Living Wall","floor":2,"gold_loss":0,"cards_obtained":["Pommel Strike"]},{"damage_healed":0,"gold_gain":75,"player_choice":"Gather Gold","damage_taken":11,"max_hp_gain":0,"max_hp_loss":0,"event_name":"World of Goop","floor":4,"gold_loss":0},{"damage_healed":0,"gold_gain":0,"player_choice":"Paid Gold","damage_taken":0,"relics_obtained":["Centennial Puzzle"],"max_hp_gain":0,"max_hp_loss":0,"event_name":"WeMeetAgain","floor":7,"gold_loss":84},{"damage_healed":0,"gold_gain":0,"player_choice":"Fought Bandits","damage_taken":0,"max_hp_gain":0,"max_hp_loss":0,"event_name":"Masked Bandits","floor":19,"gold_loss":0},{"damage_healed":0,"gold_gain":0,"player_choice":"Simplicity","damage_taken":0,"max_hp_gain":0,"max_hp_loss":0,"event_name":"Back to Basics","floor":25,"gold_loss":0,"cards_upgraded":["Strike_R","Strike_R","Strike_R","Strike_R","Defend_R","Defend_R","Defend_R","Defend_R"]},{"damage_healed":0,"gold_gain":0,"player_choice":"Obtained Relic","damage_taken":0,"relics_obtained":["Oddly Smooth Stone"],"max_hp_gain":0,"max_hp_loss":0,"event_name":"Addict","floor":29,"gold_loss":85},{"damage_healed":0,"gold_gain":0,"player_choice":"Rummage","damage_taken":0,"relics_obtained":["WarpedTongs"],"max_hp_gain":0,"max_hp_loss":0,"event_name":"Accursed Blacksmith","floor":31,"gold_loss":0,"cards_obtained":["Pain"]},{"damage_healed":0,"gold_gain":0,"player_choice":"Fight","damage_taken":0,"max_hp_gain":0,"max_hp_loss":0,"event_name":"MindBloom","floor":38,"gold_loss":0}],"is_beta":true,"boss_relics":[{"not_picked":["Runic Dome","Coffee Dripper"],"picked":"Cursed Key"},{"not_picked":["Runic Cube","Sozu"],"picked":"Busted Crown"}],"items_purged_floors":[36],"is_endless":false,"potions_floor_spawned":[5,11,16,19,21,27,30,39,41,45,48],"killed_by":"Awakened One","ascension_level":20}