{"gold_per_floor":[113,125,137,149,0,0,34,53,80,80,5,5,5,20,20,97,97,113,113,131,131,52,52,52],"floor_reached":24,"playtime":1132,"items_purged":["Strike_R"],"score":492,"play_id":"4d085a44-9e97-43bb-beb4-531d8b2e605d","local_time":"20210304170154","is_ascension_mode":true,"campfire_choices":[{"floor":6,"key":"REST"},{"data":"1","floor":10,"key":"LIFT"},{"data":"2","floor":13,"key":"LIFT"},{"data":"3","floor":15,"key":"LIFT"},{"data":"Whirlwind","floor":23,"key":"SMITH"}],"neow_cost":"PERCENT_DAMAGE","seed_source_timestamp":1696688105347800,"circlet_count":0,"master_deck":["AscendersBane","Bash+1","Sword Boomerang","Sword Boomerang","Iron Wave","Shrug It Off","Pummel","Pommel Strike","Spot Weakness","Feed","Whirlwind+1","Brutality","Demon Form","Cleave","Carnage","Dark Embrace","Flex","Shrug It Off","Ghostly Armor","Flame Barrier"],"relics":["Burning Blood","Girya","Potion Belt","Pandora\u0027s Box"],"potions_floor_usage":[7,16,24],"damage_taken":[{"damage":7,"enemies":"Cultist","floor":1,"turns":4},{"damage":19,"enemies":"Small Slimes","floor":2,"turns":3},{"damage":3,"enemies":"2 Louse","floor":3,"turns":3},{"damage":28,"enemies":"Exordium Wildlife","floor":4,"turns":5},{"damage":3,"enemies":"Gremlin Nob","floor":7,"turns":3},{"damage":9,"enemies":"3 Louse","floor":8,"turns":3},{"damage":4,"enemies":"Red Slaver","floor":14,"turns":3},{"damage":0,"enemies":"Slime Boss","floor":16,"turns":3},{"damage":1,"enemies":"Chosen","floor":18,"turns":3},{"damage":27,"enemies":"2 Thieves","floor":20,"turns":3},{"damage":60,"enemies":"Gremlin Leader","floor":24,"turns":6}],"seed_played":"8940063974339528516","potions_obtained":[{"floor":8,"key":"SteroidPotion"},{"floor":16,"key":"SpeedPotion"},{"floor":20,"key":"ColorlessPotion"}],"is_trial":false,"path_per_floor":["M","M","M","M","$","R","E","M","T","R","$","?","R","M","R","B",null,"M","?","M","?","$","R","E"],"character_chosen":"IRONCLAD","items_purchased":["Shrug It Off","Strength Potion","Pummel","Flame Barrier"],"campfire_rested":1,"item_purchase_floors":[5,5,5,22],"current_hp_per_floor":[49,36,39,17,17,39,42,39,39,39,39,39,39,41,41,47,68,73,73,55,55,55,55,0],"gold":52,"neow_bonus":"ONE_RARE_RELIC","is_prod":false,"is_daily":false,"chose_seed":false,"campfire_upgraded":1,"win_rate":0,"timestamp":1614906114,"path_taken":["M","M","M","M","$","R","E","?","T","R","$","?","R","M","R","BOSS","M","?","M","?","$","R","E"],"build_version":"2020-12-18","purchased_purges":1,"victory":false,"max_hp_per_floor":[75,75,75,75,75,75,75,75,75,75,75,75,75,75,75,75,75,75,75,78,78,78,78,78],"relic_stats":{"counters":[11,39],"Pandora\u0027s Box":["Combust","Whirlwind","Brutality","Demon Form","Cleave","Carnage","Dark Embrace","Flex"],"obtain_stats":[{"Potion Belt":7,"Girya":0,"Pandora\u0027s Box":17,"Burning Blood":0},{"Potion Belt":5,"Girya":0,"Pandora\u0027s Box":8,"Burning Blood":0},{"Potion Belt":18,"Girya":0,"Pandora\u0027s Box":27,"Burning Blood":0}],"Burning Blood":60},"card_choices":[{"not_picked":["Havoc","Wild Strike"],"picked":"Sword Boomerang","floor":1},{"not_picked":["Sever Soul","Searing Blow"],"picked":"Sword Boomerang","floor":2},{"not_picked":["Cleave","Disarm","Dark Embrace"],"picked":"SKIP","floor":3},{"not_picked":["Flex","Rupture"],"picked":"Iron Wave","floor":4},{"not_picked":["Anger","Seeing Red"],"picked":"Pommel Strike","floor":7},{"not_picked":["Dual Wield","Infernal Blade","Clash"],"picked":"SKIP","floor":8},{"not_picked":["Heavy Blade","Headbutt"],"picked":"Spot Weakness","floor":14},{"not_picked":["Fiend Fire","Demon Form"],"picked":"Feed","floor":16},{"not_picked":["Wild Strike+1","Whirlwind+1"],"picked":"Shrug It Off","floor":18},{"not_picked":["Cleave","Iron Wave"],"picked":"Ghostly Armor","floor":20}],"player_experience":3601445,"relics_obtained":[{"floor":7,"key":"Potion Belt"}],"event_choices":[{"damage_healed":0,"gold_gain":0,"player_choice":"Grow","damage_taken":0,"max_hp_gain":0,"max_hp_loss":0,"event_name":"Living Wall","floor":12,"gold_loss":0,"cards_upgraded":["Bash"]},{"cards_removed":["Combust"],"damage_healed":0,"gold_gain":0,"player_choice":"Elegance","damage_taken":0,"max_hp_gain":0,"max_hp_loss":0,"event_name":"Back to Basics","floor":19,"gold_loss":0},{"damage_healed":0,"gold_gain":0,"player_choice":"Ignored","damage_taken":0,"max_hp_gain":0,"max_hp_loss":0,"event_name":"The Mausoleum","floor":21,"gold_loss":0}],"is_beta":true,"boss_relics":[{"not_picked":["Busted Crown","Empty Cage"],"picked":"Pandora\u0027s Box"}],"items_purged_floors":[11],"is_endless":false,"potions_floor_spawned":[8,16,20],"killed_by":"Gremlin Leader","ascension_level":20}