{"gold_per_floor":[367,367,442,452,468,468,500,517,517,69,104,4,4,38,38,38],"floor_reached":16,"playtime":1087,"items_purged":["Strike_R","Strike_R"],"score":236,"play_id":"5d3aa4f2-4052-41bb-9ee6-c34bf5b11245","local_time":"20210304203024","is_ascension_mode":true,"campfire_choices":[{"data":"Bash","floor":6,"key":"SMITH"},{"floor":13,"key":"REST"},{"data":"Hemokinesis","floor":15,"key":"SMITH"}],"neow_cost":"PERCENT_DAMAGE","seed_source_timestamp":1709240439513700,"circlet_count":0,"master_deck":["AscendersBane","Strike_R","Strike_R","Strike_R","Defend_R","Defend_R","Defend_R","Defend_R","Bash+1","Blood for Blood+1","Hemokinesis+1","Corruption","Power Through","Battle Trance","Hemokinesis","Pommel Strike"],"relics":["Burning Blood","Omamori","Turnip","Blue Candle","Bag of Marbles"],"potions_floor_usage":[7,11,11],"damage_taken":[{"damage":6,"enemies":"2 Louse","floor":1,"turns":4},{"damage":7,"enemies":"Jaw Worm","floor":4,"turns":2},{"damage":2,"enemies":"Cultist","floor":5,"turns":3},{"damage":32,"enemies":"Lagavulin","floor":7,"turns":6},{"damage":29,"enemies":"Exordium Thugs","floor":8,"turns":6},{"damage":7,"enemies":"3 Sentries","floor":11,"turns":3},{"damage":22,"enemies":"Lagavulin","floor":14,"turns":5},{"damage":55,"enemies":"Slime Boss","floor":16,"turns":8}],"seed_played":"6190519750798271817","potions_obtained":[{"floor":1,"key":"Regen Potion"},{"floor":4,"key":"LiquidBronze"},{"floor":8,"key":"AttackPotion"},{"floor":11,"key":"FairyPotion"}],"is_trial":false,"path_per_floor":["M","?","?","M","M","R","E","M","T","$","E","$","R","E","R","B"],"character_chosen":"IRONCLAD","items_purchased":["Turnip","AttackPotion"],"campfire_rested":1,"item_purchase_floors":[10,10],"current_hp_per_floor":[50,50,39,38,42,42,31,8,8,8,7,7,29,13,13,0],"gold":38,"neow_bonus":"TWO_FIFTY_GOLD","is_prod":false,"is_daily":false,"chose_seed":false,"campfire_upgraded":2,"win_rate":0,"timestamp":1614918624,"path_taken":["M","?","?","M","M","R","E","M","T","?","E","$","R","E","R","BOSS"],"build_version":"2020-12-18","purchased_purges":2,"victory":false,"max_hp_per_floor":[75,75,75,75,75,75,75,75,75,75,75,75,75,75,75,75],"relic_stats":{"counters":[8,37],"Blue Candle":[0],"Turnip":[6],"obtain_stats":[{"Blue Candle":11,"Turnip":10,"Omamori":7,"Bag of Marbles":14,"Burning Blood":0},{"Blue Candle":6,"Turnip":5,"Omamori":4,"Bag of Marbles":7,"Burning Blood":0},{"Blue Candle":24,"Turnip":21,"Omamori":15,"Bag of Marbles":29,"Burning Blood":0}],"Burning Blood":42},"card_choices":[{"not_picked":["Armaments","Wild Strike"],"picked":"Blood for Blood","floor":1},{"not_picked":["Flex","Twin Strike"],"picked":"Hemokinesis","floor":4},{"not_picked":["Perfected Strike","Intimidate"],"picked":"Corruption","floor":5},{"not_picked":["Flex","Armaments"],"picked":"Power Through","floor":7},{"not_picked":["Clash","Searing Blow"],"picked":"Battle Trance","floor":8},{"not_picked":["Pommel Strike","Cleave"],"picked":"Hemokinesis","floor":11},{"not_picked":["Inflame","Sword Boomerang"],"picked":"Pommel Strike","floor":14}],"player_experience":3602577,"relics_obtained":[{"floor":7,"key":"Omamori"},{"floor":11,"key":"Blue Candle"},{"floor":14,"key":"Bag of Marbles"}],"event_choices":[{"damage_healed":0,"gold_gain":0,"player_choice":"Grow","damage_taken":0,"max_hp_gain":0,"max_hp_loss":0,"event_name":"Living Wall","floor":2,"gold_loss":0,"cards_upgraded":["Blood for Blood"]},{"damage_healed":0,"gold_gain":75,"player_choice":"Gather Gold","damage_taken":11,"max_hp_gain":0,"max_hp_loss":0,"event_name":"World of Goop","floor":3,"gold_loss":0}],"is_beta":true,"boss_relics":[],"items_purged_floors":[10,12],"is_endless":false,"potions_floor_spawned":[1,4,8,11],"killed_by":"Slime Boss","ascension_level":20}